time,price,quantity
2024-09-16 14:31:02+00:00,57903.99000000,4.66487000
2024-09-16 14:31:02+00:00,57903.98000000,0.67490000
2024-09-16 14:31:02+00:00,57903.86000000,0.00000000
2024-09-16 14:31:02+00:00,57903.78000000,0.06249000
2024-09-16 14:31:02+00:00,57902.99000000,0.00023000
2024-09-16 14:31:02+00:00,57902.98000000,0.27360000
2024-09-16 14:31:02+00:00,57902.88000000,0.00000000
2024-09-16 14:31:02+00:00,57902.87000000,0.99086000
2024-09-16 14:31:02+00:00,57902.86000000,0.00000000
2024-09-16 14:31:02+00:00,57902.01000000,0.00023000
2024-09-16 14:31:02+00:00,57902.00000000,0.16693000
2024-09-16 14:31:02+00:00,57901.99000000,0.47174000
2024-09-16 14:31:02+00:00,57901.98000000,0.37311000
2024-09-16 14:31:02+00:00,57901.97000000,0.27350000
2024-09-16 14:31:02+00:00,57901.05000000,0.00000000
2024-09-16 14:31:02+00:00,57901.04000000,0.00000000
2024-09-16 14:31:02+00:00,57900.99000000,0.00000000
2024-09-16 14:31:02+00:00,57900.98000000,0.00000000
2024-09-16 14:31:02+00:00,57900.14000000,0.00000000
2024-09-16 14:31:02+00:00,57900.13000000,1.86403000
2024-09-16 14:31:02+00:00,57900.12000000,0.06239000
2024-09-16 14:31:02+00:00,57900.11000000,0.15400000
2024-09-16 14:31:02+00:00,57900.08000000,0.21460000
2024-09-16 14:31:02+00:00,57900.01000000,0.00013000
2024-09-16 14:31:02+00:00,57900.00000000,1.02928000
2024-09-16 14:31:02+00:00,57899.99000000,0.00000000
2024-09-16 14:31:02+00:00,57899.98000000,0.00000000
2024-09-16 14:31:02+00:00,57899.86000000,0.00000000
2024-09-16 14:31:02+00:00,57899.49000000,0.00000000
2024-09-16 14:31:02+00:00,57899.00000000,0.00000000
2024-09-16 14:31:02+00:00,57898.99000000,0.00000000
2024-09-16 14:31:02+00:00,57898.66000000,0.00000000
2024-09-16 14:31:02+00:00,57898.65000000,0.00000000
2024-09-16 14:31:02+00:00,57898.52000000,0.00000000
2024-09-16 14:31:02+00:00,57898.50000000,0.00000000
2024-09-16 14:31:02+00:00,57898.49000000,0.00000000
2024-09-16 14:31:02+00:00,57898.01000000,0.00000000
2024-09-16 14:31:02+00:00,57898.00000000,0.16670000
2024-09-16 14:31:02+00:00,57897.99000000,0.00000000
2024-09-16 14:31:02+00:00,57897.98000000,0.00000000
2024-09-16 14:31:02+00:00,57897.76000000,0.00000000
2024-09-16 14:31:02+00:00,57897.69000000,0.00000000
2024-09-16 14:31:02+00:00,57897.68000000,0.00000000
2024-09-16 14:31:02+00:00,57897.67000000,0.00000000
2024-09-16 14:31:02+00:00,57897.65000000,0.00000000
2024-09-16 14:31:02+00:00,57897.64000000,3.85962000
2024-09-16 14:31:02+00:00,57897.64000000,0.00587000
2024-09-16 14:31:02+00:00,57897.63000000,0.11807000
2024-09-16 14:31:02+00:00,57897.63000000,0.00000000
2024-09-16 14:31:02+00:00,57897.62000000,0.00577000
2024-09-16 14:31:02+00:00,57897.62000000,0.00577000
2024-09-16 14:31:02+00:00,57897.60000000,0.00576000
2024-09-16 14:31:02+00:00,57897.11000000,0.00000000
2024-09-16 14:31:02+00:00,57897.03000000,0.00000000
2024-09-16 14:31:02+00:00,57897.01000000,0.00000000
2024-09-16 14:31:02+00:00,57897.00000000,0.06921000
2024-09-16 14:31:02+00:00,57896.78000000,0.22131000
2024-09-16 14:31:02+00:00,57896.77000000,0.12223000
2024-09-16 14:31:02+00:00,57896.77000000,0.00000000
2024-09-16 14:31:02+00:00,57896.65000000,0.00023000
2024-09-16 14:31:02+00:00,57896.65000000,0.00000000
2024-09-16 14:31:02+00:00,57896.50000000,0.00062000
2024-09-16 14:31:02+00:00,57896.47000000,0.00010000
2024-09-16 14:31:02+00:00,57896.47000000,0.00000000
2024-09-16 14:31:02+00:00,57896.41000000,0.00010000
2024-09-16 14:31:02+00:00,57896.41000000,0.00000000
2024-09-16 14:31:02+00:00,57896.40000000,0.00010000
2024-09-16 14:31:02+00:00,57896.40000000,0.00000000
2024-09-16 14:31:02+00:00,57896.16000000,0.13884000
2024-09-16 14:31:02+00:00,57896.15000000,0.38963000
2024-09-16 14:31:02+00:00,57896.14000000,0.00000000
2024-09-16 14:31:02+00:00,57896.01000000,0.20758000
2024-09-16 14:31:02+00:00,57896.01000000,0.00000000
2024-09-16 14:31:02+00:00,57896.00000000,0.16670000
2024-09-16 14:31:02+00:00,57896.00000000,0.16732000
2024-09-16 14:31:02+00:00,57895.98000000,0.00173000
2024-09-16 14:31:02+00:00,57895.77000000,0.11555000
2024-09-16 14:31:02+00:00,57895.62000000,0.00084000
2024-09-16 14:31:02+00:00,57895.58000000,0.00042000
2024-09-16 14:31:02+00:00,57895.50000000,0.00063000
2024-09-16 14:31:02+00:00,57895.27000000,0.34543000
2024-09-16 14:31:02+00:00,57895.27000000,0.00000000
2024-09-16 14:31:02+00:00,57895.10000000,0.00010000
2024-09-16 14:31:02+00:00,57895.09000000,0.00042000
2024-09-16 14:31:02+00:00,57895.00000000,0.00062000
2024-09-16 14:31:02+00:00,57894.50000000,0.00062000
2024-09-16 14:31:02+00:00,57894.39000000,0.00043000
2024-09-16 14:31:02+00:00,57894.39000000,0.00043000
2024-09-16 14:31:02+00:00,57894.21000000,0.00018000
2024-09-16 14:31:02+00:00,57894.01000000,0.00013000
2024-09-16 14:31:02+00:00,57894.01000000,0.00000000
2024-09-16 14:31:02+00:00,57894.00000000,0.16670000
2024-09-16 14:31:02+00:00,57894.00000000,0.16733000
2024-09-16 14:31:02+00:00,57893.98000000,0.00000000
2024-09-16 14:31:02+00:00,57893.97000000,0.00013000
2024-09-16 14:31:02+00:00,57893.64000000,0.06239000
2024-09-16 14:31:02+00:00,57893.50000000,0.00187000
2024-09-16 14:31:02+00:00,57893.50000000,0.06952000
2024-09-16 14:31:02+00:00,57893.45000000,0.00000000
2024-09-16 14:31:02+00:00,57893.04000000,0.00000000
2024-09-16 14:31:02+00:00,57893.00000000,0.00063000
2024-09-16 14:31:02+00:00,57893.00000000,0.00063000
2024-09-16 14:31:02+00:00,57892.81000000,0.00000000
2024-09-16 14:31:02+00:00,57892.77000000,0.25873000
2024-09-16 14:31:02+00:00,57892.76000000,0.43107000
2024-09-16 14:31:02+00:00,57892.58000000,0.08634000
2024-09-16 14:31:02+00:00,57892.50000000,0.00062000
2024-09-16 14:31:02+00:00,57892.50000000,0.00062000
2024-09-16 14:31:02+00:00,57892.11000000,0.00000000
2024-09-16 14:31:02+00:00,57892.07000000,0.00000000
2024-09-16 14:31:02+00:00,57892.02000000,0.03196000
2024-09-16 14:31:02+00:00,57892.01000000,0.10002000
2024-09-16 14:31:02+00:00,57892.01000000,0.00000000
2024-09-16 14:31:02+00:00,57892.00000000,0.16733000
2024-09-16 14:31:02+00:00,57892.00000000,0.16670000
2024-09-16 14:31:02+00:00,57891.99000000,0.00000000
2024-09-16 14:31:02+00:00,57891.63000000,0.00000000
2024-09-16 14:31:02+00:00,57891.60000000,0.34545000
2024-09-16 14:31:02+00:00,57891.59000000,0.00000000
2024-09-16 14:31:02+00:00,57891.50000000,0.00062000
2024-09-16 14:31:02+00:00,57891.50000000,0.00000000
2024-09-16 14:31:02+00:00,57891.49000000,0.00043000
2024-09-16 14:31:02+00:00,57891.49000000,0.00043000
2024-09-16 14:31:02+00:00,57891.48000000,0.00000000
2024-09-16 14:31:02+00:00,57891.43000000,0.00000000
2024-09-16 14:31:02+00:00,57891.29000000,0.51755000
2024-09-16 14:31:02+00:00,57891.29000000,0.51755000
2024-09-16 14:31:02+00:00,57891.28000000,0.86258000
2024-09-16 14:31:02+00:00,57891.28000000,0.86258000
2024-09-16 14:31:02+00:00,57891.10000000,0.06908000
2024-09-16 14:31:02+00:00,57891.00000000,0.00063000
2024-09-16 14:31:02+00:00,57891.00000000,0.00000000
2024-09-16 14:31:02+00:00,57890.94000000,0.29944000
2024-09-16 14:31:02+00:00,57890.94000000,0.29944000
2024-09-16 14:31:02+00:00,57890.63000000,0.00000000
2024-09-16 14:31:02+00:00,57890.50000000,0.00062000
2024-09-16 14:31:02+00:00,57890.50000000,0.00000000
2024-09-16 14:31:02+00:00,57890.12000000,0.00000000
2024-09-16 14:31:02+00:00,57890.01000000,0.00000000
2024-09-16 14:31:02+00:00,57890.00000000,0.16905000
2024-09-16 14:31:02+00:00,57890.00000000,0.27972000
2024-09-16 14:31:02+00:00,57889.64000000,0.00173000
2024-09-16 14:31:02+00:00,57889.64000000,0.00000000
2024-09-16 14:31:02+00:00,57889.50000000,0.00062000
2024-09-16 14:31:02+00:00,57889.50000000,0.00000000
2024-09-16 14:31:02+00:00,57889.26000000,0.08634000
2024-09-16 14:31:02+00:00,57889.20000000,0.00000000
2024-09-16 14:31:02+00:00,57889.00000000,0.00063000
2024-09-16 14:31:02+00:00,57889.00000000,0.00000000
2024-09-16 14:31:02+00:00,57888.64000000,0.00000000
2024-09-16 14:31:02+00:00,57888.51000000,0.00863000
2024-09-16 14:31:02+00:00,57888.50000000,0.00000000
2024-09-16 14:31:02+00:00,57888.44000000,0.06908000
2024-09-16 14:31:02+00:00,57888.42000000,0.01300000
2024-09-16 14:31:02+00:00,57888.37000000,0.07510000
2024-09-16 14:31:02+00:00,57888.27000000,0.00009000
2024-09-16 14:31:02+00:00,57888.17000000,0.00013000
2024-09-16 14:31:02+00:00,57888.00000000,0.16670000
2024-09-16 14:31:02+00:00,57888.00000000,0.16670000
2024-09-16 14:31:02+00:00,57887.97000000,0.51728000
2024-09-16 14:31:02+00:00,57887.72000000,0.12609000
2024-09-16 14:31:02+00:00,57887.72000000,0.00000000
2024-09-16 14:31:02+00:00,57887.50000000,0.00000000
2024-09-16 14:31:02+00:00,57887.38000000,0.34548000
2024-09-16 14:31:02+00:00,57887.38000000,0.00000000
2024-09-16 14:31:02+00:00,57887.10000000,0.06465000
2024-09-16 14:31:02+00:00,57887.04000000,0.00000000
2024-09-16 14:31:02+00:00,57887.00000000,0.00000000
2024-09-16 14:31:02+00:00,57886.93000000,0.48833000
2024-09-16 14:31:02+00:00,57886.92000000,0.38971000
2024-09-16 14:31:02+00:00,57886.92000000,0.00000000
2024-09-16 14:31:02+00:00,57886.79000000,0.17270000
2024-09-16 14:31:02+00:00,57886.76000000,0.43107000
2024-09-16 14:31:02+00:00,57886.76000000,0.43107000
2024-09-16 14:31:02+00:00,57886.66000000,0.00000000
2024-09-16 14:31:02+00:00,57886.52000000,0.41593000
2024-09-16 14:31:02+00:00,57886.50000000,0.06890000
2024-09-16 14:31:02+00:00,57886.50000000,0.06890000
2024-09-16 14:31:02+00:00,57886.44000000,0.04317000
2024-09-16 14:31:02+00:00,57886.25000000,0.86258000
2024-09-16 14:31:02+00:00,57886.20000000,0.06239000
2024-09-16 14:31:02+00:00,57886.20000000,0.06239000
2024-09-16 14:31:02+00:00,57886.10000000,0.03196000
2024-09-16 14:31:02+00:00,57886.10000000,0.00000000
2024-09-16 14:31:02+00:00,57886.00000000,0.16670000
2024-09-16 14:31:02+00:00,57886.00000000,0.16670000
2024-09-16 14:31:02+00:00,57885.79000000,0.00043000
2024-09-16 14:31:02+00:00,57885.71000000,0.00043000
2024-09-16 14:31:02+00:00,57885.50000000,0.00000000
2024-09-16 14:31:02+00:00,57885.30000000,0.00009000
2024-09-16 14:31:02+00:00,57885.00000000,0.00000000
2024-09-16 14:31:02+00:00,57884.82000000,0.01000000
2024-09-16 14:31:02+00:00,57884.31000000,0.04193000
2024-09-16 14:31:02+00:00,57884.11000000,0.04176000
2024-09-16 14:31:02+00:00,57884.11000000,0.25342000
2024-09-16 14:31:02+00:00,57884.08000000,0.43107000
2024-09-16 14:31:02+00:00,57883.00000000,0.06890000
2024-09-16 14:31:02+00:00,57882.81000000,0.00043000
2024-09-16 14:31:02+00:00,57882.70000000,0.17271000
2024-09-16 14:31:02+00:00,57882.63000000,0.01300000
2024-09-16 14:31:02+00:00,57882.48000000,0.00092000
2024-09-16 14:31:02+00:00,57882.48000000,0.00000000
2024-09-16 14:31:02+00:00,57882.37000000,0.00013000
2024-09-16 14:31:02+00:00,57882.33000000,0.00009000
2024-09-16 14:31:02+00:00,57882.08000000,0.06908000
2024-09-16 14:31:02+00:00,57882.07000000,0.50465000
2024-09-16 14:31:02+00:00,57881.96000000,0.00000000
2024-09-16 14:31:02+00:00,57881.62000000,0.03433000
2024-09-16 14:31:02+00:00,57881.61000000,0.51749000
2024-09-16 14:31:02+00:00,57881.60000000,0.06908000
2024-09-16 14:31:02+00:00,57881.58000000,0.86258000
2024-09-16 14:31:02+00:00,57881.42000000,0.00868000
2024-09-16 14:31:02+00:00,57881.42000000,0.00868000
2024-09-16 14:31:02+00:00,57881.10000000,0.06910000
2024-09-16 14:31:02+00:00,57880.83000000,0.00000000
2024-09-16 14:31:02+00:00,57880.44000000,0.01036000
2024-09-16 14:31:02+00:00,57880.26000000,0.00393000
2024-09-16 14:31:02+00:00,57880.15000000,0.17270000
2024-09-16 14:31:02+00:00,57880.11000000,0.00086000
2024-09-16 14:31:02+00:00,57880.00000000,0.01728000
2024-09-16 14:31:02+00:00,57879.92000000,0.00043000
2024-09-16 14:31:02+00:00,57879.82000000,0.06735000
2024-09-16 14:31:02+00:00,57879.62000000,0.00000000
2024-09-16 14:31:02+00:00,57879.50000000,0.06890000
2024-09-16 14:31:02+00:00,57879.36000000,0.00009000
2024-09-16 14:31:02+00:00,57879.27000000,0.00000000
2024-09-16 14:31:02+00:00,57878.47000000,0.04508000
2024-09-16 14:31:02+00:00,57878.47000000,0.00000000
2024-09-16 14:31:02+00:00,57878.46000000,0.07510000
2024-09-16 14:31:02+00:00,57878.46000000,0.00000000
2024-09-16 14:31:02+00:00,57878.20000000,0.00000000
2024-09-16 14:31:02+00:00,57878.04000000,0.25865000
2024-09-16 14:31:02+00:00,57878.03000000,0.06908000
2024-09-16 14:31:02+00:00,57877.60000000,0.00000000
2024-09-16 14:31:02+00:00,57877.42000000,0.00000000
2024-09-16 14:31:02+00:00,57877.21000000,0.43107000
2024-09-16 14:31:02+00:00,57877.13000000,0.00397000
2024-09-16 14:31:02+00:00,57877.11000000,0.00000000
2024-09-16 14:31:02+00:00,57877.02000000,0.00043000
2024-09-16 14:31:02+00:00,57876.99000000,0.02769000
2024-09-16 14:31:02+00:00,57876.93000000,0.00863000
2024-09-16 14:31:02+00:00,57876.84000000,0.01318000
2024-09-16 14:31:02+00:00,57876.57000000,0.00013000
2024-09-16 14:31:02+00:00,57876.39000000,0.00009000
2024-09-16 14:31:02+00:00,57876.07000000,0.00042000
2024-09-16 14:31:02+00:00,57876.07000000,0.00042000
2024-09-16 14:31:02+00:00,57876.01000000,0.43555000
2024-09-16 14:31:02+00:00,57876.00000000,0.06890000
2024-09-16 14:31:02+00:00,57875.95000000,0.72590000
2024-09-16 14:31:02+00:00,57875.93000000,0.04251000
2024-09-16 14:31:02+00:00,57875.93000000,0.00000000
2024-09-16 14:31:02+00:00,57875.00000000,0.06239000
2024-09-16 14:31:02+00:00,57874.89000000,0.00043000
2024-09-16 14:31:02+00:00,57874.86000000,0.08635000
2024-09-16 14:31:02+00:00,57874.61000000,0.00000000
2024-09-16 14:31:02+00:00,57874.54000000,0.00000000
2024-09-16 14:31:02+00:00,57873.80000000,0.25878000
2024-09-16 14:31:02+00:00,57873.78000000,0.51728000
2024-09-16 14:31:02+00:00,57873.78000000,0.00000000
2024-09-16 14:31:02+00:00,57873.42000000,0.00009000
2024-09-16 14:31:02+00:00,57873.39000000,0.41593000
2024-09-16 14:31:02+00:00,57873.39000000,0.00000000
2024-09-16 14:31:02+00:00,57873.29000000,0.00086000
2024-09-16 14:31:02+00:00,57873.04000000,0.06649000
2024-09-16 14:31:02+00:00,57873.04000000,0.00000000
2024-09-16 14:31:02+00:00,57872.74000000,0.17271000
2024-09-16 14:31:02+00:00,57872.50000000,0.06890000
2024-09-16 14:31:02+00:00,57872.01000000,0.51762000
2024-09-16 14:31:02+00:00,57871.85000000,0.17271000
2024-09-16 14:31:02+00:00,57871.53000000,0.00000000
2024-09-16 14:31:02+00:00,57871.39000000,0.01728000
2024-09-16 14:31:02+00:00,57871.39000000,0.01728000
2024-09-16 14:31:02+00:00,57871.19000000,0.86214000
2024-09-16 14:31:02+00:00,57871.17000000,0.86258000
2024-09-16 14:31:02+00:00,57871.10000000,0.06911000
2024-09-16 14:31:02+00:00,57871.05000000,0.01300000
2024-09-16 14:31:02+00:00,57870.77000000,0.00013000
2024-09-16 14:31:02+00:00,57870.45000000,0.00182000
2024-09-16 14:31:02+00:00,57870.41000000,0.01000000
2024-09-16 14:31:02+00:00,57870.01000000,0.31057000
2024-09-16 14:31:02+00:00,57870.00000000,0.00800000
2024-09-16 14:31:02+00:00,57869.79000000,0.00100000
2024-09-16 14:31:02+00:00,57869.00000000,0.06890000
2024-09-16 14:31:02+00:00,57869.00000000,0.00000000
2024-09-16 14:31:02+00:00,57868.98000000,0.51749000
2024-09-16 14:31:02+00:00,57868.73000000,0.00086000
2024-09-16 14:31:02+00:00,57868.00000000,0.00800000
2024-09-16 14:31:02+00:00,57867.48000000,0.00009000
2024-09-16 14:31:02+00:00,57867.25000000,0.00026000
2024-09-16 14:31:02+00:00,57866.95000000,0.06239000
2024-09-16 14:31:02+00:00,57866.01000000,0.51756000
2024-09-16 14:31:02+00:00,57866.00000000,0.00600000
2024-09-16 14:31:02+00:00,57866.00000000,0.01400000
2024-09-16 14:31:02+00:00,57865.91000000,0.00631000
2024-09-16 14:31:02+00:00,57865.91000000,0.00000000
2024-09-16 14:31:02+00:00,57865.67000000,0.86258000
2024-09-16 14:31:02+00:00,57865.26000000,0.01318000
2024-09-16 14:31:02+00:00,57865.21000000,0.00038000
2024-09-16 14:31:02+00:00,57865.07000000,0.02638000
2024-09-16 14:31:02+00:00,57864.97000000,0.00013000
2024-09-16 14:31:02+00:00,57864.65000000,0.51728000
2024-09-16 14:31:02+00:00,57864.65000000,0.00000000
2024-09-16 14:31:02+00:00,57864.51000000,0.00009000
2024-09-16 14:31:02+00:00,57864.30000000,0.00404000
2024-09-16 14:31:02+00:00,57864.30000000,0.00000000
2024-09-16 14:31:02+00:00,57864.01000000,0.00259000
2024-09-16 14:31:02+00:00,57864.00000000,0.00600000
2024-09-16 14:31:02+00:00,57864.00000000,0.01400000
2024-09-16 14:31:02+00:00,57863.96000000,0.05600000
2024-09-16 14:31:02+00:00,57863.91000000,0.00346000
2024-09-16 14:31:02+00:00,57863.91000000,0.00346000
2024-09-16 14:31:02+00:00,57863.74000000,0.00010000
2024-09-16 14:31:02+00:00,57862.57000000,0.01919000
2024-09-16 14:31:02+00:00,57862.57000000,0.01919000
2024-09-16 14:31:02+00:00,57862.56000000,0.03196000
2024-09-16 14:31:02+00:00,57862.56000000,0.03196000
2024-09-16 14:31:02+00:00,57862.32000000,0.03433000
2024-09-16 14:31:02+00:00,57862.26000000,0.51728000
2024-09-16 14:31:02+00:00,57862.05000000,0.00640000
2024-09-16 14:31:02+00:00,57862.01000000,0.04154000
2024-09-16 14:31:02+00:00,57862.00000000,0.00600000
2024-09-16 14:31:02+00:00,57861.96000000,0.08399000
2024-09-16 14:31:02+00:00,57861.84000000,0.00013000
2024-09-16 14:31:02+00:00,57861.63000000,0.00000000
2024-09-16 14:31:02+00:00,57861.54000000,0.00009000
2024-09-16 14:31:02+00:00,57861.52000000,0.00086000
2024-09-16 14:31:02+00:00,57861.10000000,0.06912000
2024-09-16 14:31:02+00:00,57860.00000000,0.01728000
2024-09-16 14:31:02+00:00,57860.00000000,0.02328000
2024-09-16 14:31:02+00:00,57859.47000000,0.01300000
2024-09-16 14:31:02+00:00,57859.43000000,0.00000000
2024-09-16 14:31:02+00:00,57859.17000000,0.00013000
2024-09-16 14:31:02+00:00,57859.09000000,0.68971000
2024-09-16 14:31:02+00:00,57858.83000000,0.01000000
2024-09-16 14:31:02+00:00,57858.57000000,0.00009000
2024-09-16 14:31:02+00:00,57858.00000000,0.00600000
2024-09-16 14:31:02+00:00,57857.81000000,0.51763000
2024-09-16 14:31:02+00:00,57857.80000000,0.86258000
2024-09-16 14:31:02+00:00,57856.75000000,0.51749000
2024-09-16 14:31:02+00:00,57856.51000000,0.93865000
2024-09-16 14:31:02+00:00,57856.50000000,0.34543000
2024-09-16 14:31:02+00:00,57856.01000000,0.00086000
2024-09-16 14:31:02+00:00,57856.00000000,0.00600000
2024-09-16 14:31:02+00:00,57855.81000000,1.60761000
2024-09-16 14:31:02+00:00,57855.60000000,0.00009000
2024-09-16 14:31:02+00:00,57855.22000000,0.01023000
2024-09-16 14:31:02+00:00,57855.22000000,0.01023000
2024-09-16 14:31:02+00:00,57854.82000000,0.05600000
2024-09-16 14:31:02+00:00,57854.82000000,0.00000000
2024-09-16 14:31:02+00:00,57854.34000000,0.00000000
2024-09-16 14:31:02+00:00,57854.00000000,0.00600000
2024-09-16 14:31:02+00:00,57853.68000000,0.01318000
2024-09-16 14:31:02+00:00,57853.37000000,0.00013000
2024-09-16 14:31:02+00:00,57853.23000000,0.00244000
2024-09-16 14:31:02+00:00,57853.23000000,0.00000000
2024-09-16 14:31:02+00:00,57852.95000000,0.34568000
2024-09-16 14:31:02+00:00,57852.85000000,0.51764000
2024-09-16 14:31:02+00:00,57852.84000000,0.86258000
2024-09-16 14:31:02+00:00,57852.71000000,0.03209000
2024-09-16 14:31:02+00:00,57852.65000000,0.08322000
2024-09-16 14:31:02+00:00,57852.63000000,0.00009000
2024-09-16 14:31:02+00:00,57852.54000000,0.06239000
2024-09-16 14:31:02+00:00,57852.00000000,0.00600000
2024-09-16 14:31:02+00:00,57851.44000000,0.86382000
2024-09-16 14:31:02+00:00,57851.43000000,0.60350000
2024-09-16 14:31:02+00:00,57851.32000000,0.01000000
2024-09-16 14:31:02+00:00,57851.32000000,0.01000000
2024-09-16 14:31:02+00:00,57851.10000000,0.06913000
2024-09-16 14:31:02+00:00,57850.43000000,0.00086000
2024-09-16 14:31:02+00:00,57850.36000000,0.00000000
2024-09-16 14:31:02+00:00,57850.25000000,0.01012000
2024-09-16 14:31:02+00:00,57850.00000000,0.00045000
2024-09-16 14:31:02+00:00,57850.00000000,0.00645000
2024-09-16 14:31:02+00:00,57849.66000000,0.00009000
2024-09-16 14:31:02+00:00,57848.92000000,0.00000000
2024-09-16 14:31:02+00:00,57848.87000000,0.36212000
2024-09-16 14:31:02+00:00,57848.86000000,0.60350000
2024-09-16 14:31:02+00:00,57848.67000000,0.00038000
2024-09-16 14:31:02+00:00,57848.67000000,0.00000000
2024-09-16 14:31:02+00:00,57848.23000000,0.05798000
2024-09-16 14:31:02+00:00,57848.07000000,0.25878000
2024-09-16 14:31:02+00:00,57848.00000000,0.00600000
2024-09-16 14:31:02+00:00,57847.95000000,0.08597000
2024-09-16 14:31:02+00:00,57847.92000000,0.02600000
2024-09-16 14:31:02+00:00,57847.89000000,0.01300000
2024-09-16 14:31:02+00:00,57847.57000000,0.00013000
2024-09-16 14:31:02+00:00,57847.47000000,0.60350000
2024-09-16 14:31:02+00:00,57847.27000000,0.07697000
2024-09-16 14:31:02+00:00,57846.76000000,0.51761000
2024-09-16 14:31:02+00:00,57846.75000000,0.21192000
2024-09-16 14:31:02+00:00,57846.73000000,0.00009000
2024-09-16 14:31:02+00:00,57846.49000000,0.06052000
2024-09-16 14:31:02+00:00,57846.49000000,0.00000000
2024-09-16 14:31:02+00:00,57846.34000000,0.15394000
2024-09-16 14:31:02+00:00,57846.13000000,0.86258000
2024-09-16 14:31:02+00:00,57846.00000000,0.00600000
2024-09-16 14:31:02+00:00,57845.87000000,0.05798000
2024-09-16 14:31:02+00:00,57845.86000000,0.00566000
2024-09-16 14:31:02+00:00,57845.61000000,0.15394000
2024-09-16 14:31:02+00:00,57845.60000000,0.00173000
2024-09-16 14:31:02+00:00,57845.56000000,0.00011000
2024-09-16 14:31:02+00:00,57844.92000000,0.31058000
2024-09-16 14:31:02+00:00,57844.90000000,0.01723000
2024-09-16 14:31:02+00:00,57844.77000000,0.00813000
2024-09-16 14:31:02+00:00,57844.77000000,0.00813000
2024-09-16 14:31:02+00:00,57844.29000000,0.00029000
2024-09-16 14:31:02+00:00,57844.26000000,0.07697000
2024-09-16 14:31:02+00:00,57844.25000000,0.08597000
2024-09-16 14:31:02+00:00,57844.24000000,0.27189000
2024-09-16 14:31:02+00:00,57844.22000000,0.03433000
2024-09-16 14:31:02+00:00,57844.00000000,0.07697000
2024-09-16 14:31:02+00:00,57844.00000000,0.08297000
2024-09-16 14:31:02+00:00,57843.99000000,0.51749000
2024-09-16 14:31:02+00:00,57843.77000000,1.21564000
2024-09-16 14:31:02+00:00,57843.72000000,0.00009000
2024-09-16 14:31:02+00:00,57843.68000000,0.00000000
2024-09-16 14:31:02+00:00,57843.31000000,0.00000000
2024-09-16 14:31:02+00:00,57842.47000000,0.15394000
2024-09-16 14:31:02+00:00,57842.15000000,0.01728000
2024-09-16 14:31:02+00:00,57842.10000000,0.00018000
2024-09-16 14:31:02+00:00,57842.00000000,0.05797000
2024-09-16 14:31:02+00:00,57842.00000000,0.06397000
2024-09-16 14:31:02+00:00,57841.99000000,0.85966000
2024-09-16 14:31:02+00:00,57841.98000000,0.00264000
2024-09-16 14:31:02+00:00,57841.98000000,0.00000000
2024-09-16 14:31:02+00:00,57841.90000000,0.08313000
2024-09-16 14:31:02+00:00,57841.90000000,0.08313000
2024-09-16 14:31:02+00:00,57841.89000000,0.12477000
2024-09-16 14:31:02+00:00,57841.77000000,0.00013000
2024-09-16 14:31:02+00:00,57841.29000000,0.03576000
2024-09-16 14:31:02+00:00,57841.12000000,0.13394000
2024-09-16 14:31:02+00:00,57841.11000000,0.32587000
2024-09-16 14:31:02+00:00,57841.10000000,0.06914000
2024-09-16 14:31:02+00:00,57841.00000000,0.84724000
2024-09-16 14:31:02+00:00,57840.99000000,0.01210000
2024-09-16 14:31:02+00:00,57840.77000000,0.00014000
2024-09-16 14:31:02+00:00,57840.72000000,0.05398000
2024-09-16 14:31:02+00:00,57840.71000000,0.13195000
2024-09-16 14:31:02+00:00,57840.58000000,0.86258000
2024-09-16 14:31:02+00:00,57840.51000000,0.87502000
2024-09-16 14:31:02+00:00,57840.50000000,1.20670000
2024-09-16 14:31:02+00:00,57840.02000000,0.11795000
2024-09-16 14:31:02+00:00,57840.01000000,0.11403000
2024-09-16 14:31:02+00:00,57840.00000000,0.28451000
2024-09-16 14:31:02+00:00,57840.00000000,0.30180000
2024-09-16 14:31:02+00:00,57839.82000000,0.00015000
2024-09-16 14:31:02+00:00,57839.49000000,0.00009000
2024-09-16 14:31:02+00:00,57839.32000000,0.00013000
2024-09-16 14:31:02+00:00,57839.30000000,0.11195000
2024-09-16 14:31:02+00:00,57839.29000000,0.13195000
2024-09-16 14:31:02+00:00,57839.28000000,0.30407000
2024-09-16 14:31:02+00:00,57839.21000000,0.00045000
2024-09-16 14:31:02+00:00,57839.19000000,0.00239000
2024-09-16 14:31:02+00:00,57839.19000000,0.00000000
2024-09-16 14:31:02+00:00,57839.17000000,0.00011000
2024-09-16 14:31:02+00:00,57838.99000000,0.00013000
2024-09-16 14:31:02+00:00,57838.70000000,0.00010000
2024-09-16 14:31:02+00:00,57838.67000000,0.00009000
2024-09-16 14:31:02+00:00,57838.63000000,0.19192000
2024-09-16 14:31:02+00:00,57838.62000000,0.05401000
2024-09-16 14:31:02+00:00,57838.61000000,0.00156000
2024-09-16 14:31:02+00:00,57838.58000000,0.00186000
2024-09-16 14:31:02+00:00,57838.31000000,0.00052000
2024-09-16 14:31:02+00:00,57838.23000000,0.05398000
2024-09-16 14:31:02+00:00,57838.21000000,0.00761000
2024-09-16 14:31:02+00:00,57838.19000000,0.00020000
2024-09-16 14:31:02+00:00,57838.17000000,0.25224000
2024-09-16 14:31:02+00:00,57838.16000000,0.02501000
2024-09-16 14:31:02+00:00,57838.12000000,0.42038000
2024-09-16 14:31:02+00:00,57838.06000000,0.00039000
2024-09-16 14:31:02+00:00,57838.01000000,0.07597000
2024-09-16 14:31:02+00:00,57838.00000000,0.03454000
2024-09-16 14:31:02+00:00,57837.95000000,0.00010000
2024-09-16 14:31:02+00:00,57837.88000000,0.00024000
2024-09-16 14:31:02+00:00,57837.83000000,0.00025000
2024-09-16 14:31:02+00:00,57837.78000000,0.00009000
2024-09-16 14:31:02+00:00,57837.74000000,0.00118000
2024-09-16 14:31:02+00:00,57837.74000000,0.00000000
2024-09-16 14:31:02+00:00,57837.63000000,0.00049000
2024-09-16 14:31:02+00:00,57837.55000000,0.00010000
2024-09-16 14:31:02+00:00,57837.48000000,0.13804000
2024-09-16 14:31:02+00:00,57837.47000000,0.01297000
2024-09-16 14:31:02+00:00,57837.41000000,0.00027000
2024-09-16 14:31:02+00:00,57837.23000000,0.00034000
2024-09-16 14:31:02+00:00,57837.18000000,0.00010000
2024-09-16 14:31:02+00:00,57837.07000000,0.00026000
2024-09-16 14:31:02+00:00,57837.06000000,0.21391000
2024-09-16 14:31:02+00:00,57837.05000000,0.07802000
2024-09-16 14:31:02+00:00,57837.04000000,0.00208000
2024-09-16 14:31:02+00:00,57836.87000000,0.00049000
2024-09-16 14:31:02+00:00,57836.69000000,0.00012000
2024-09-16 14:31:02+00:00,57836.62000000,0.00000000
2024-09-16 14:31:02+00:00,57836.60000000,0.00000000
2024-09-16 14:31:02+00:00,57836.39000000,0.07797000
2024-09-16 14:31:02+00:00,57836.38000000,0.07802000
2024-09-16 14:31:02+00:00,57836.37000000,0.00691000
2024-09-16 14:31:02+00:00,57836.36000000,0.00137000
2024-09-16 14:31:02+00:00,57836.25000000,0.00010000
2024-09-16 14:31:02+00:00,57836.20000000,0.01451000
2024-09-16 14:31:02+00:00,57836.20000000,0.00000000
2024-09-16 14:31:02+00:00,57836.13000000,0.00016000
2024-09-16 14:31:02+00:00,57836.07000000,0.00015000
2024-09-16 14:31:02+00:00,57836.02000000,0.00009000
2024-09-16 14:31:02+00:00,57836.00000000,0.03420000
2024-09-16 14:31:02+00:00,57835.99000000,0.00607000
2024-09-16 14:31:02+00:00,57835.97000000,0.00013000
2024-09-16 14:31:02+00:00,57835.93000000,0.00010000
2024-09-16 14:31:02+00:00,57835.91000000,0.00009000
2024-09-16 14:31:02+00:00,57835.83000000,0.00010000
2024-09-16 14:31:02+00:00,57835.71000000,0.05997000
2024-09-16 14:31:02+00:00,57835.70000000,0.07703000
2024-09-16 14:31:02+00:00,57835.66000000,0.00010000
2024-09-16 14:31:02+00:00,57835.61000000,0.00034000
2024-09-16 14:31:02+00:00,57835.60000000,0.00000000
2024-09-16 14:31:02+00:00,57835.58000000,0.00014000
2024-09-16 14:31:02+00:00,57835.45000000,0.91003000
2024-09-16 14:31:02+00:00,57835.45000000,0.91003000
2024-09-16 14:31:02+00:00,57835.44000000,1.51668000
2024-09-16 14:31:02+00:00,57835.40000000,0.00011000
2024-09-16 14:31:02+00:00,57835.37000000,0.07797000
2024-09-16 14:31:02+00:00,57835.36000000,0.00102000
2024-09-16 14:31:02+00:00,57835.31000000,0.00018000
2024-09-16 14:31:02+00:00,57835.26000000,0.00100000
2024-09-16 14:31:02+00:00,57835.18000000,0.00059000
2024-09-16 14:31:02+00:00,57835.09000000,0.00224000
2024-09-16 14:31:02+00:00,57835.08000000,0.00009000
2024-09-16 14:31:02+00:00,57835.01000000,0.00266000
2024-09-16 14:31:02+00:00,57835.00000000,0.00245000
2024-09-16 14:31:02+00:00,57834.96000000,0.00014000
2024-09-16 14:31:02+00:00,57834.95000000,0.00014000
2024-09-16 14:31:02+00:00,57834.85000000,0.00028000
2024-09-16 14:31:02+00:00,57834.53000000,0.07797000
2024-09-16 14:31:02+00:00,57834.52000000,0.16194000
2024-09-16 14:31:02+00:00,57834.51000000,0.85617000
2024-09-16 14:31:02+00:00,57834.49000000,0.00021000
2024-09-16 14:31:02+00:00,57834.44000000,0.07802000
2024-09-16 14:31:02+00:00,57834.43000000,0.00000000
2024-09-16 14:31:02+00:00,57834.40000000,0.00015000
2024-09-16 14:31:02+00:00,57834.30000000,0.00012000
2024-09-16 14:31:02+00:00,57834.22000000,0.00028000
2024-09-16 14:31:02+00:00,57834.01000000,0.00069000
2024-09-16 14:31:02+00:00,57834.00000000,0.03420000
2024-09-16 14:31:02+00:00,57833.98000000,0.00174000
2024-09-16 14:31:02+00:00,57833.93000000,0.85626000
2024-09-16 14:31:02+00:00,57833.92000000,0.00100000
2024-09-16 14:31:02+00:00,57833.87000000,0.00017000
2024-09-16 14:31:02+00:00,57833.86000000,0.00477000
2024-09-16 14:31:02+00:00,57833.78000000,0.18267000
2024-09-16 14:31:02+00:00,57833.63000000,0.00043000
2024-09-16 14:31:02+00:00,57833.58000000,0.00025000
2024-09-16 14:31:02+00:00,57833.53000000,0.07797000
2024-09-16 14:31:02+00:00,57833.52000000,0.00521000
2024-09-16 14:31:02+00:00,57833.46000000,0.00015000
2024-09-16 14:31:02+00:00,57833.34000000,0.07797000
2024-09-16 14:31:02+00:00,57833.33000000,0.29311000
2024-09-16 14:31:02+00:00,57833.30000000,0.00015000
2024-09-16 14:31:02+00:00,57833.27000000,0.00063000
2024-09-16 14:31:02+00:00,57833.25000000,0.00018000
2024-09-16 14:31:02+00:00,57833.02000000,0.72882000
2024-09-16 14:31:02+00:00,57833.02000000,0.00000000
2024-09-16 14:31:02+00:00,57833.01000000,0.25878000
2024-09-16 14:31:02+00:00,57833.00000000,0.15072000
2024-09-16 14:31:02+00:00,57832.90000000,0.00079000
2024-09-16 14:31:02+00:00,57832.88000000,0.00172000
2024-09-16 14:31:02+00:00,57832.82000000,1.21470000
2024-09-16 14:31:02+00:00,57832.82000000,0.00000000
2024-09-16 14:31:02+00:00,57832.75000000,0.00009000
2024-09-16 14:31:02+00:00,57832.65000000,0.00022000
2024-09-16 14:31:02+00:00,57832.59000000,0.00013000
2024-09-16 14:31:02+00:00,57832.58000000,0.00009000
2024-09-16 14:31:02+00:00,57832.57000000,0.00522000
2024-09-16 14:31:02+00:00,57832.46000000,0.00064000
2024-09-16 14:31:02+00:00,57832.40000000,0.00032000
2024-09-16 14:31:02+00:00,57832.37000000,0.00009000
2024-09-16 14:31:02+00:00,57832.15000000,0.00030000
2024-09-16 14:31:02+00:00,57832.03000000,0.07797000
2024-09-16 14:31:02+00:00,57832.02000000,0.07802000
2024-09-16 14:31:02+00:00,57832.01000000,0.00013000
2024-09-16 14:31:02+00:00,57832.01000000,0.00013000
2024-09-16 14:31:02+00:00,57832.00000000,0.13922000
2024-09-16 14:31:02+00:00,57831.84000000,0.00009000
2024-09-16 14:31:02+00:00,57831.69000000,0.00033000
2024-09-16 14:31:02+00:00,57831.61000000,0.00017000
2024-09-16 14:31:02+00:00,57831.60000000,0.00009000
2024-09-16 14:31:02+00:00,57831.55000000,0.34270000
2024-09-16 14:31:02+00:00,57831.54000000,0.07797000
2024-09-16 14:31:02+00:00,57831.53000000,0.07797000
2024-09-16 14:31:02+00:00,57831.51000000,0.07602000
2024-09-16 14:31:02+00:00,57831.46000000,0.00043000
2024-09-16 14:31:02+00:00,57831.37000000,0.00447000
2024-09-16 14:31:02+00:00,57831.25000000,0.00037000
2024-09-16 14:31:02+00:00,57831.11000000,0.08595000
2024-09-16 14:31:02+00:00,57831.10000000,0.06915000
2024-09-16 14:31:02+00:00,57831.01000000,0.48767000
2024-09-16 14:31:02+00:00,57830.82000000,0.01037000
2024-09-16 14:31:02+00:00,57830.75000000,0.00015000
2024-09-16 14:31:02+00:00,57830.74000000,0.00043000
2024-09-16 14:31:02+00:00,57830.65000000,0.07797000
2024-09-16 14:31:02+00:00,57830.64000000,0.02137000
2024-09-16 14:31:02+00:00,57830.51000000,0.57109000
2024-09-16 14:31:02+00:00,57830.40000000,0.00038000
2024-09-16 14:31:02+00:00,57830.19000000,0.00015000
2024-09-16 14:31:02+00:00,57830.18000000,0.07797000
2024-09-16 14:31:02+00:00,57830.17000000,1.03182000
2024-09-16 14:31:02+00:00,57830.17000000,0.97506000
2024-09-16 14:31:02+00:00,57830.10000000,0.00020000
2024-09-16 14:31:02+00:00,57830.06000000,0.14722000
2024-09-16 14:31:02+00:00,57830.01000000,2.13090000
2024-09-16 14:31:02+00:00,57830.00000000,2.80455000
2024-09-16 14:31:02+00:00,57829.99000000,0.19302000
2024-09-16 14:31:02+00:00,57829.82000000,0.00011000
2024-09-16 14:31:02+00:00,57829.55000000,0.18415000
2024-09-16 14:31:02+00:00,57829.51000000,0.14607000
2024-09-16 14:31:02+00:00,57829.44000000,0.07797000
2024-09-16 14:31:02+00:00,57829.43000000,0.07797000
2024-09-16 14:31:02+00:00,57829.42000000,0.07802000
2024-09-16 14:31:02+00:00,57829.41000000,0.00105000
2024-09-16 14:31:02+00:00,57829.37000000,0.00017000
2024-09-16 14:31:02+00:00,57829.36000000,0.00010000
2024-09-16 14:31:02+00:00,57829.31000000,0.01467000
2024-09-16 14:31:02+00:00,57829.17000000,0.00172000
2024-09-16 14:31:02+00:00,57829.08000000,0.00020000
2024-09-16 14:31:02+00:00,57829.03000000,0.07810000
2024-09-16 14:31:02+00:00,57829.02000000,0.07797000
2024-09-16 14:31:02+00:00,57829.01000000,0.15204000
2024-09-16 14:31:02+00:00,57829.00000000,0.00025000
2024-09-16 14:31:02+00:00,57828.94000000,0.00009000
2024-09-16 14:31:02+00:00,57828.91000000,0.00057000
2024-09-16 14:31:02+00:00,57828.87000000,0.00121000
2024-09-16 14:31:02+00:00,57828.83000000,0.00251000
2024-09-16 14:31:02+00:00,57828.82000000,0.00073000
2024-09-16 14:31:02+00:00,57828.78000000,0.00010000
2024-09-16 14:31:02+00:00,57828.69000000,0.03549000
2024-09-16 14:31:02+00:00,57828.69000000,0.00000000
2024-09-16 14:31:02+00:00,57828.63000000,0.00030000
2024-09-16 14:31:02+00:00,57828.60000000,0.06239000
2024-09-16 14:31:02+00:00,57828.57000000,0.00059000
2024-09-16 14:31:02+00:00,57828.54000000,0.00363000
2024-09-16 14:31:02+00:00,57828.53000000,0.01789000
2024-09-16 14:31:02+00:00,57828.48000000,0.00012000
2024-09-16 14:31:02+00:00,57828.38000000,0.00019000
2024-09-16 14:31:02+00:00,57828.12000000,0.00010000
2024-09-16 14:31:02+00:00,57828.11000000,0.00133000
2024-09-16 14:31:02+00:00,57828.09000000,0.00010000
2024-09-16 14:31:02+00:00,57828.04000000,0.00201000
2024-09-16 14:31:02+00:00,57828.03000000,0.02707000
2024-09-16 14:31:02+00:00,57828.00000000,1.12545000
2024-09-16 14:31:02+00:00,57827.95000000,0.00882000
2024-09-16 14:31:02+00:00,57827.85000000,0.00043000
2024-09-16 14:31:02+00:00,57827.74000000,0.00010000
2024-09-16 14:31:02+00:00,57827.68000000,0.00027000
2024-09-16 14:31:02+00:00,57827.58000000,0.00027000
2024-09-16 14:31:02+00:00,57827.55000000,0.00010000
2024-09-16 14:31:02+00:00,57827.40000000,0.01000000
2024-09-16 14:31:02+00:00,57827.33000000,0.00012000
2024-09-16 14:31:02+00:00,57827.26000000,0.00015000
2024-09-16 14:31:02+00:00,57827.10000000,0.00020000
2024-09-16 14:31:02+00:00,57826.98000000,0.00038000
2024-09-16 14:31:02+00:00,57826.97000000,0.00010000
2024-09-16 14:31:02+00:00,57826.80000000,0.07695000
2024-09-16 14:31:02+00:00,57826.79000000,0.00345000
2024-09-16 14:31:02+00:00,57826.78000000,0.02664000
2024-09-16 14:31:02+00:00,57826.76000000,0.00187000
2024-09-16 14:31:02+00:00,57826.66000000,0.00010000
2024-09-16 14:31:02+00:00,57826.63000000,0.01512000
2024-09-16 14:31:02+00:00,57826.61000000,0.00010000
2024-09-16 14:31:02+00:00,57826.58000000,0.02823000
2024-09-16 14:31:02+00:00,57826.51000000,0.00807000
2024-09-16 14:31:02+00:00,57826.27000000,0.07602000
2024-09-16 14:31:02+00:00,57826.26000000,0.01141000
2024-09-16 14:31:02+00:00,57826.16000000,0.00010000
2024-09-16 14:31:02+00:00,57826.09000000,0.04911000
2024-09-16 14:31:02+00:00,57826.08000000,0.03051000
2024-09-16 14:31:02+00:00,57826.00000000,0.05450000
2024-09-16 14:31:02+00:00,57825.90000000,0.00023000
2024-09-16 14:31:02+00:00,57825.84000000,0.08596000
2024-09-16 14:31:02+00:00,57825.83000000,0.38048000
2024-09-16 14:31:02+00:00,57825.71000000,0.00026000
2024-09-16 14:31:02+00:00,57825.62000000,0.07695000
2024-09-16 14:31:02+00:00,57825.61000000,0.07602000
2024-09-16 14:31:02+00:00,57825.60000000,0.00249000
2024-09-16 14:31:02+00:00,57825.59000000,0.00012000
2024-09-16 14:31:02+00:00,57825.46000000,0.00011000
2024-09-16 14:31:02+00:00,57825.36000000,0.00024000
2024-09-16 14:31:02+00:00,57825.25000000,0.02852000
2024-09-16 14:31:02+00:00,57825.02000000,0.00345000
2024-09-16 14:31:02+00:00,57825.01000000,0.07597000
2024-09-16 14:31:02+00:00,57825.00000000,0.04295000
2024-09-16 14:31:02+00:00,57824.96000000,0.00043000
2024-09-16 14:31:02+00:00,57824.91000000,0.00010000
2024-09-16 14:31:02+00:00,57824.89000000,0.00056000
2024-09-16 14:31:02+00:00,57824.88000000,0.00037000
2024-09-16 14:31:02+00:00,57824.48000000,0.34585000
2024-09-16 14:31:02+00:00,57824.37000000,0.00013000
2024-09-16 14:31:02+00:00,57824.31000000,0.01036000
2024-09-16 14:31:02+00:00,57824.30000000,0.08396000
2024-09-16 14:31:02+00:00,57824.29000000,0.03800000
2024-09-16 14:31:02+00:00,57824.23000000,0.00025000
2024-09-16 14:31:02+00:00,57824.21000000,0.00011000
2024-09-16 14:31:02+00:00,57824.08000000,0.00016000
2024-09-16 14:31:02+00:00,57824.03000000,0.00009000
2024-09-16 14:31:02+00:00,57824.01000000,0.07695000
2024-09-16 14:31:02+00:00,57824.00000000,0.03420000
2024-09-16 14:31:02+00:00,57823.94000000,0.00406000
2024-09-16 14:31:02+00:00,57823.90000000,0.00000000
2024-09-16 14:31:02+00:00,57823.86000000,0.00018000
2024-09-16 14:31:02+00:00,57823.83000000,0.00049000
2024-09-16 14:31:02+00:00,57823.52000000,0.00079000
2024-09-16 14:31:02+00:00,57823.40000000,0.04492000
2024-09-16 14:31:02+00:00,57823.34000000,0.01388000
2024-09-16 14:31:02+00:00,57823.10000000,0.00126000
2024-09-16 14:31:02+00:00,57823.07000000,0.00018000
2024-09-16 14:31:02+00:00,57823.00000000,0.00591000
2024-09-16 14:31:02+00:00,57822.96000000,0.01722000
2024-09-16 14:31:02+00:00,57822.93000000,0.00360000
2024-09-16 14:31:02+00:00,57822.92000000,0.00047000
2024-09-16 14:31:02+00:00,57822.89000000,0.00055000
2024-09-16 14:31:02+00:00,57822.85000000,0.15594000
2024-09-16 14:31:02+00:00,57822.84000000,0.51761000
2024-09-16 14:31:02+00:00,57822.83000000,0.86268000
2024-09-16 14:31:02+00:00,57822.52000000,0.00067000
2024-09-16 14:31:02+00:00,57822.49000000,0.07695000
2024-09-16 14:31:02+00:00,57822.48000000,0.00345000
2024-09-16 14:31:02+00:00,57822.47000000,0.00422000
2024-09-16 14:31:02+00:00,57822.45000000,0.00013000
2024-09-16 14:31:02+00:00,57822.36000000,0.00029000
2024-09-16 14:31:02+00:00,57822.22000000,0.00031000
2024-09-16 14:31:02+00:00,57822.12000000,0.00081000
2024-09-16 14:31:02+00:00,57822.07000000,0.00043000
2024-09-16 14:31:02+00:00,57822.04000000,0.19176000
2024-09-16 14:31:02+00:00,57822.04000000,0.19176000
2024-09-16 14:31:02+00:00,57822.01000000,0.00345000
2024-09-16 14:31:02+00:00,57822.00000000,0.26024000
2024-09-16 14:31:02+00:00,57821.78000000,0.07596000
2024-09-16 14:31:02+00:00,57821.75000000,0.01379000
2024-09-16 14:31:02+00:00,57821.50000000,0.00034000
2024-09-16 14:31:02+00:00,57821.42000000,0.00154000
2024-09-16 14:31:02+00:00,57821.35000000,0.00030000
2024-09-16 14:31:02+00:00,57821.11000000,0.04155000
2024-09-16 14:31:02+00:00,57821.10000000,0.06917000
2024-09-16 14:31:02+00:00,57821.04000000,0.00210000
2024-09-16 14:31:02+00:00,57821.00000000,0.00060000
2024-09-16 14:31:02+00:00,57820.98000000,0.00896000
2024-09-16 14:31:02+00:00,57820.76000000,0.00014000
2024-09-16 14:31:02+00:00,57820.60000000,0.00012000
2024-09-16 14:31:02+00:00,57820.38000000,0.00009000
2024-09-16 14:31:02+00:00,57820.35000000,0.00030000
2024-09-16 14:31:02+00:00,57820.05000000,0.00010000
2024-09-16 14:31:02+00:00,57820.02000000,0.07695000
2024-09-16 14:31:02+00:00,57820.01000000,0.04492000
2024-09-16 14:31:02+00:00,57820.00000000,0.06735000
2024-09-16 14:31:02+00:00,57819.96000000,0.00009000
2024-09-16 14:31:02+00:00,57819.80000000,0.00043000
2024-09-16 14:31:02+00:00,57819.76000000,0.00531000
2024-09-16 14:31:02+00:00,57819.75000000,0.00014000
2024-09-16 14:31:02+00:00,57819.47000000,0.00009000
2024-09-16 14:31:02+00:00,57819.39000000,0.00010000
2024-09-16 14:31:02+00:00,57819.38000000,0.00010000
2024-09-16 14:31:02+00:00,57819.32000000,0.01371000
2024-09-16 14:31:02+00:00,57819.27000000,0.00023000
2024-09-16 14:31:02+00:00,57819.25000000,0.07695000
2024-09-16 14:31:02+00:00,57819.24000000,0.00126000
2024-09-16 14:31:02+00:00,57819.18000000,0.00043000
2024-09-16 14:31:02+00:00,57819.01000000,0.00037000
2024-09-16 14:31:02+00:00,57818.96000000,0.00043000
2024-09-16 14:31:02+00:00,57818.91000000,0.00014000
2024-09-16 14:31:02+00:00,57818.84000000,0.01036000
2024-09-16 14:31:02+00:00,57818.83000000,0.00345000
2024-09-16 14:31:02+00:00,57818.82000000,0.00256000
2024-09-16 14:31:02+00:00,57818.58000000,0.00009000
2024-09-16 14:31:02+00:00,57818.57000000,0.07708000
2024-09-16 14:31:02+00:00,57818.51000000,0.00009000
2024-09-16 14:31:02+00:00,57818.34000000,0.00071000
2024-09-16 14:31:02+00:00,57818.26000000,0.00121000
2024-09-16 14:31:02+00:00,57818.18000000,0.00222000
2024-09-16 14:31:02+00:00,57818.07000000,0.25878000
2024-09-16 14:31:02+00:00,57818.05000000,0.86258000
2024-09-16 14:31:02+00:00,57818.04000000,0.62059000
2024-09-16 14:31:02+00:00,57818.01000000,0.00424000
2024-09-16 14:31:02+00:00,57818.00000000,1.03420000
2024-09-16 14:31:02+00:00,57817.87000000,0.00010000
2024-09-16 14:31:02+00:00,57817.84000000,0.00945000
2024-09-16 14:31:02+00:00,57817.80000000,0.00028000
2024-09-16 14:31:02+00:00,57817.69000000,0.00524000
2024-09-16 14:31:02+00:00,57817.54000000,0.00158000
2024-09-16 14:31:02+00:00,57817.49000000,0.00024000
2024-09-16 14:31:02+00:00,57817.30000000,0.07766000
2024-09-16 14:31:02+00:00,57817.29000000,0.07695000
2024-09-16 14:31:02+00:00,57817.04000000,0.06239000
2024-09-16 14:31:02+00:00,57817.02000000,0.00275000
2024-09-16 14:31:02+00:00,57816.82000000,0.14106000
2024-09-16 14:31:02+00:00,57816.81000000,0.00010000
2024-09-16 14:31:02+00:00,57816.73000000,0.00011000
2024-09-16 14:31:02+00:00,57816.68000000,0.00665000
2024-09-16 14:31:02+00:00,57816.66000000,0.00254000
2024-09-16 14:31:02+00:00,57816.62000000,0.00012000
2024-09-16 14:31:02+00:00,57816.61000000,0.00016000
2024-09-16 14:31:02+00:00,57816.44000000,0.00009000
2024-09-16 14:31:02+00:00,57816.42000000,0.00013000
2024-09-16 14:31:02+00:00,57816.37000000,0.00027000
2024-09-16 14:31:02+00:00,57816.29000000,0.00043000
2024-09-16 14:31:02+00:00,57816.28000000,0.03459000
2024-09-16 14:31:02+00:00,57816.27000000,0.02815000
2024-09-16 14:31:02+00:00,57816.22000000,0.00029000
2024-09-16 14:31:02+00:00,57816.21000000,0.00015000
2024-09-16 14:31:02+00:00,57816.02000000,0.07696000
2024-09-16 14:31:02+00:00,57816.00000000,0.04108000
2024-09-16 14:31:02+00:00,57815.65000000,0.00015000
2024-09-16 14:31:02+00:00,57815.53000000,0.07596000
2024-09-16 14:31:02+00:00,57815.45000000,0.00042000
2024-09-16 14:31:02+00:00,57815.12000000,0.00011000
2024-09-16 14:31:02+00:00,57815.10000000,0.00013000
2024-09-16 14:31:02+00:00,57815.00000000,0.17296000
2024-09-16 14:31:02+00:00,57814.92000000,0.05796000
2024-09-16 14:31:02+00:00,57814.91000000,0.06916000
2024-09-16 14:31:02+00:00,57814.81000000,0.00009000
2024-09-16 14:31:02+00:00,57814.65000000,0.00012000
2024-09-16 14:31:02+00:00,57814.60000000,0.00039000
2024-09-16 14:31:02+00:00,57814.41000000,0.00753000
2024-09-16 14:31:02+00:00,57814.40000000,0.00018000
2024-09-16 14:31:02+00:00,57814.38000000,0.00013000
2024-09-16 14:31:02+00:00,57814.31000000,0.00015000
2024-09-16 14:31:02+00:00,57814.13000000,0.51866000
2024-09-16 14:31:02+00:00,57814.08000000,0.00019000
2024-09-16 14:31:02+00:00,57814.06000000,0.00024000
2024-09-16 14:31:02+00:00,57814.05000000,0.00012000
2024-09-16 14:31:02+00:00,57814.02000000,0.00009000
2024-09-16 14:31:02+00:00,57814.00000000,0.03420000
2024-09-16 14:31:02+00:00,57813.99000000,0.07697000
2024-09-16 14:31:02+00:00,57813.95000000,0.00014000
2024-09-16 14:31:02+00:00,57813.93000000,0.00059000
2024-09-16 14:31:02+00:00,57813.92000000,0.00228000
2024-09-16 14:31:02+00:00,57813.73000000,0.07695000
2024-09-16 14:31:02+00:00,57813.53000000,0.00045000
2024-09-16 14:31:02+00:00,57813.33000000,0.05797000
2024-09-16 14:31:02+00:00,57813.16000000,0.00014000
2024-09-16 14:31:02+00:00,57813.15000000,0.01300000
2024-09-16 14:31:02+00:00,57813.13000000,0.00038000
2024-09-16 14:31:02+00:00,57813.07000000,0.00010000
2024-09-16 14:31:02+00:00,57813.04000000,0.00019000
2024-09-16 14:31:02+00:00,57812.99000000,0.03433000
2024-09-16 14:31:02+00:00,57812.98000000,0.86280000
2024-09-16 14:31:02+00:00,57812.77000000,0.00013000
2024-09-16 14:31:02+00:00,57812.75000000,0.00024000
2024-09-16 14:31:02+00:00,57812.65000000,0.00021000
2024-09-16 14:31:02+00:00,57812.60000000,0.07696000
2024-09-16 14:31:02+00:00,57812.54000000,0.00046000
2024-09-16 14:31:02+00:00,57812.51000000,0.01036000
2024-09-16 14:31:02+00:00,57812.50000000,0.01322000
2024-09-16 14:31:02+00:00,57812.46000000,0.07696000
2024-09-16 14:31:02+00:00,57812.38000000,0.00015000
2024-09-16 14:31:02+00:00,57812.33000000,0.00091000
2024-09-16 14:31:02+00:00,57812.28000000,0.00010000
2024-09-16 14:31:02+00:00,57812.00000000,0.03456000
2024-09-16 14:31:02+00:00,57811.97000000,0.02831000
2024-09-16 14:31:02+00:00,57811.85000000,0.00014000
2024-09-16 14:31:02+00:00,57811.79000000,0.00014000
2024-09-16 14:31:02+00:00,57811.68000000,0.20560000
2024-09-16 14:31:02+00:00,57811.67000000,0.51749000
2024-09-16 14:31:02+00:00,57811.66000000,0.00344000
2024-09-16 14:31:02+00:00,57811.65000000,0.07695000
2024-09-16 14:31:02+00:00,57811.64000000,0.04996000
2024-09-16 14:31:02+00:00,57811.57000000,0.00023000
2024-09-16 14:31:02+00:00,57811.56000000,0.00071000
2024-09-16 14:31:02+00:00,57811.47000000,0.07605000
2024-09-16 14:31:02+00:00,57811.42000000,0.05797000
2024-09-16 14:31:02+00:00,57811.40000000,0.00837000
2024-09-16 14:31:02+00:00,57811.38000000,0.00010000
2024-09-16 14:31:02+00:00,57811.32000000,0.00010000
2024-09-16 14:31:02+00:00,57811.31000000,0.00019000
2024-09-16 14:31:02+00:00,57811.28000000,0.01220000
2024-09-16 14:31:02+00:00,57811.10000000,0.06918000
2024-09-16 14:31:02+00:00,57811.00000000,0.33687000
2024-09-16 14:31:02+00:00,57810.78000000,0.05796000
2024-09-16 14:31:02+00:00,57810.76000000,0.12861000
2024-09-16 14:31:02+00:00,57810.62000000,0.00087000
2024-09-16 14:31:02+00:00,57810.55000000,0.00010000
2024-09-16 14:31:02+00:00,57810.49000000,0.07696000
2024-09-16 14:31:02+00:00,57810.44000000,0.00459000
2024-09-16 14:31:02+00:00,57810.38000000,0.07696000
2024-09-16 14:31:02+00:00,57810.23000000,0.00030000
2024-09-16 14:31:02+00:00,57810.16000000,0.00016000
2024-09-16 14:31:02+00:00,57810.14000000,0.00015000
2024-09-16 14:31:02+00:00,57810.12000000,0.00051000
2024-09-16 14:31:02+00:00,57810.02000000,0.00063000
2024-09-16 14:31:02+00:00,57810.00000000,0.03827000
2024-09-16 14:31:02+00:00,57809.92000000,0.00014000
2024-09-16 14:31:02+00:00,57809.86000000,0.00560000
2024-09-16 14:31:02+00:00,57809.84000000,0.00009000
2024-09-16 14:31:02+00:00,57809.63000000,0.00015000
2024-09-16 14:31:02+00:00,57809.59000000,0.00017000
2024-09-16 14:31:02+00:00,57809.54000000,0.00029000
2024-09-16 14:31:02+00:00,57809.49000000,0.00023000
2024-09-16 14:31:02+00:00,57809.38000000,0.00104000
2024-09-16 14:31:02+00:00,57809.32000000,0.00733000
2024-09-16 14:31:02+00:00,57809.30000000,0.05797000
2024-09-16 14:31:02+00:00,57809.28000000,0.00018000
2024-09-16 14:31:02+00:00,57809.21000000,0.00010000
2024-09-16 14:31:02+00:00,57809.15000000,0.05397000
2024-09-16 14:31:02+00:00,57809.14000000,0.00014000
2024-09-16 14:31:02+00:00,57809.00000000,0.04486000
2024-09-16 14:31:02+00:00,57808.83000000,0.00012000
2024-09-16 14:31:02+00:00,57808.64000000,0.00147000
2024-09-16 14:31:02+00:00,57808.41000000,0.00074000
2024-09-16 14:31:02+00:00,57808.29000000,0.00015000
2024-09-16 14:31:02+00:00,57808.24000000,0.00022000
2024-09-16 14:31:02+00:00,57808.23000000,0.51764000
2024-09-16 14:31:02+00:00,57808.09000000,0.00513000
2024-09-16 14:31:02+00:00,57808.08000000,0.00009000
2024-09-16 14:31:02+00:00,57808.01000000,0.01776000
2024-09-16 14:31:02+00:00,57808.00000000,0.20837000
2024-09-16 14:31:02+00:00,57807.99000000,0.01799000
2024-09-16 14:31:02+00:00,57807.81000000,0.00083000
2024-09-16 14:31:02+00:00,57807.77000000,0.00012000
2024-09-16 14:31:02+00:00,57807.61000000,0.00021000
2024-09-16 14:31:02+00:00,57807.55000000,0.11994000
2024-09-16 14:31:02+00:00,57807.52000000,0.00077000
2024-09-16 14:31:02+00:00,57807.50000000,0.05797000
2024-09-16 14:31:02+00:00,57807.43000000,0.05996000
2024-09-16 14:31:02+00:00,57807.40000000,0.00036000
2024-09-16 14:31:02+00:00,57807.36000000,0.01300000
2024-09-16 14:31:02+00:00,57807.36000000,0.00000000
2024-09-16 14:31:02+00:00,57807.33000000,0.00037000
2024-09-16 14:31:02+00:00,57807.19000000,0.86258000
2024-09-16 14:31:02+00:00,57806.97000000,0.00013000
2024-09-16 14:31:02+00:00,57806.86000000,0.00009000
2024-09-16 14:31:02+00:00,57806.77000000,0.00345000
2024-09-16 14:31:02+00:00,57806.76000000,0.60350000
2024-09-16 14:31:02+00:00,57806.73000000,0.00032000
2024-09-16 14:31:02+00:00,57806.69000000,0.00017000
2024-09-16 14:31:02+00:00,57806.66000000,0.00015000
2024-09-16 14:31:02+00:00,57806.60000000,0.12477000
2024-09-16 14:31:02+00:00,57806.45000000,0.00039000
2024-09-16 14:31:02+00:00,57806.28000000,0.04821000
2024-09-16 14:31:02+00:00,57806.27000000,0.00065000
2024-09-16 14:31:02+00:00,57806.25000000,0.00013000
2024-09-16 14:31:02+00:00,57806.12000000,0.00165000
2024-09-16 14:31:02+00:00,57806.05000000,0.05397000
2024-09-16 14:31:02+00:00,57806.02000000,0.00086000
2024-09-16 14:31:02+00:00,57806.00000000,0.04284000
2024-09-16 14:31:02+00:00,57805.90000000,0.00060000
2024-09-16 14:31:02+00:00,57805.88000000,0.00052000
2024-09-16 14:31:02+00:00,57805.68000000,0.00091000
2024-09-16 14:31:02+00:00,57805.66000000,0.00018000
2024-09-16 14:31:02+00:00,57805.59000000,0.06313000
2024-09-16 14:31:02+00:00,57805.50000000,0.36218000
2024-09-16 14:31:02+00:00,57805.49000000,0.01986000
2024-09-16 14:31:02+00:00,57805.46000000,0.23734000
2024-09-16 14:31:02+00:00,57805.34000000,0.05797000
2024-09-16 14:31:02+00:00,57805.33000000,0.00064000
2024-09-16 14:31:02+00:00,57805.30000000,0.00010000
2024-09-16 14:31:02+00:00,57805.11000000,0.05796000
2024-09-16 14:31:02+00:00,57805.06000000,0.05797000
2024-09-16 14:31:02+00:00,57805.01000000,0.00055000
2024-09-16 14:31:02+00:00,57805.00000000,0.00222000
2024-09-16 14:31:02+00:00,57804.81000000,0.00040000
2024-09-16 14:31:02+00:00,57804.79000000,0.00012000
2024-09-16 14:31:02+00:00,57804.74000000,0.00011000
2024-09-16 14:31:02+00:00,57804.62000000,0.60350000
2024-09-16 14:31:02+00:00,57804.58000000,0.00061000
2024-09-16 14:31:02+00:00,57804.49000000,0.00100000
2024-09-16 14:31:02+00:00,57804.48000000,0.00039000
2024-09-16 14:31:02+00:00,57804.44000000,0.05996000
2024-09-16 14:31:02+00:00,57804.37000000,0.00026000
2024-09-16 14:31:02+00:00,57804.23000000,0.00058000
2024-09-16 14:31:02+00:00,57804.21000000,0.60350000
2024-09-16 14:31:02+00:00,57804.19000000,0.00046000
2024-09-16 14:31:02+00:00,57804.14000000,0.05397000
2024-09-16 14:31:02+00:00,57804.00000000,0.06014000
2024-09-16 14:31:02+00:00,57803.98000000,0.00059000
2024-09-16 14:31:02+00:00,57803.95000000,0.00024000
2024-09-16 14:31:02+00:00,57803.94000000,0.00011000
2024-09-16 14:31:02+00:00,57803.89000000,0.05997000
2024-09-16 14:31:02+00:00,57803.73000000,0.00208000
2024-09-16 14:31:02+00:00,57803.49000000,0.00009000
2024-09-16 14:31:02+00:00,57803.34000000,0.06010000
2024-09-16 14:31:02+00:00,57803.32000000,0.00041000
2024-09-16 14:31:02+00:00,57803.29000000,0.95352000
2024-09-16 14:31:02+00:00,57803.24000000,0.05411000
2024-09-16 14:31:02+00:00,57803.17000000,0.05797000
2024-09-16 14:31:02+00:00,57803.03000000,1.69668000
2024-09-16 14:31:02+00:00,57803.02000000,0.00022000
2024-09-16 14:31:02+00:00,57803.00000000,0.00866000
2024-09-16 14:31:02+00:00,57802.89000000,0.00593000
2024-09-16 14:31:02+00:00,57802.80000000,0.00018000
2024-09-16 14:31:02+00:00,57802.72000000,0.01805000
2024-09-16 14:31:02+00:00,57802.67000000,0.00017000
2024-09-16 14:31:02+00:00,57802.63000000,0.00434000
2024-09-16 14:31:02+00:00,57802.62000000,0.10358000
2024-09-16 14:31:02+00:00,57802.62000000,0.10358000
2024-09-16 14:31:02+00:00,57802.55000000,0.86258000
2024-09-16 14:31:02+00:00,57802.51000000,0.01395000
2024-09-16 14:31:02+00:00,57802.47000000,1.69703000
2024-09-16 14:31:02+00:00,57802.18000000,0.00099000
2024-09-16 14:31:02+00:00,57802.14000000,0.00009000
2024-09-16 14:31:02+00:00,57802.00000000,0.03452000
2024-09-16 14:31:02+00:00,57801.93000000,0.00173000
2024-09-16 14:31:02+00:00,57801.72000000,0.00010000
2024-09-16 14:31:02+00:00,57801.64000000,0.08193000
2024-09-16 14:31:02+00:00,57801.60000000,0.05996000
2024-09-16 14:31:02+00:00,57801.59000000,0.00020000
2024-09-16 14:31:02+00:00,57801.57000000,0.05997000
2024-09-16 14:31:02+00:00,57801.49000000,0.00684000
2024-09-16 14:31:02+00:00,57801.29000000,0.00009000
2024-09-16 14:31:02+00:00,57801.27000000,0.01728000
2024-09-16 14:31:02+00:00,57801.24000000,0.00010000
2024-09-16 14:31:02+00:00,57801.17000000,0.00013000
2024-09-16 14:31:02+00:00,57801.14000000,0.05797000
2024-09-16 14:31:02+00:00,57801.12000000,0.25878000
2024-09-16 14:31:02+00:00,57801.11000000,8.82466000
2024-09-16 14:31:02+00:00,57801.10000000,0.06985000
2024-09-16 14:31:02+00:00,57801.09000000,0.00081000
2024-09-16 14:31:02+00:00,57801.05000000,0.05997000
2024-09-16 14:31:02+00:00,57801.00000000,0.15542000
2024-09-16 14:31:02+00:00,57800.98000000,0.00009000
2024-09-16 14:31:02+00:00,57800.97000000,0.05796000
2024-09-16 14:31:02+00:00,57800.92000000,0.05397000
2024-09-16 14:31:02+00:00,57800.82000000,0.05797000
2024-09-16 14:31:02+00:00,57800.76000000,0.00040000
2024-09-16 14:31:02+00:00,57800.74000000,0.00010000
2024-09-16 14:31:02+00:00,57800.60000000,0.05397000
2024-09-16 14:31:02+00:00,57800.58000000,0.00761000
2024-09-16 14:31:02+00:00,57800.54000000,0.00010000
2024-09-16 14:31:02+00:00,57800.51000000,0.00009000
2024-09-16 14:31:02+00:00,57800.47000000,0.00023000
2024-09-16 14:31:02+00:00,57800.43000000,0.05397000
2024-09-16 14:31:02+00:00,57800.36000000,0.00039000
2024-09-16 14:31:02+00:00,57800.34000000,0.00068000
2024-09-16 14:31:02+00:00,57800.20000000,0.07795000
2024-09-16 14:31:02+00:00,57800.09000000,0.00020000
2024-09-16 14:31:02+00:00,57800.05000000,0.51749000
2024-09-16 14:31:02+00:00,57800.04000000,0.03433000
2024-09-16 14:31:02+00:00,57800.01000000,0.00184000
2024-09-16 14:31:02+00:00,57800.00000000,14.73413000
2024-09-16 14:31:02+00:00,57799.98000000,0.00029000
2024-09-16 14:31:02+00:00,57799.87000000,0.00056000
2024-09-16 14:31:02+00:00,57799.75000000,0.00009000
2024-09-16 14:31:02+00:00,57799.73000000,0.00074000
2024-09-16 14:31:02+00:00,57799.64000000,0.00014000
2024-09-16 14:31:02+00:00,57799.53000000,0.05997000
2024-09-16 14:31:02+00:00,57799.44000000,0.00067000
2024-09-16 14:31:02+00:00,57799.36000000,0.00009000
2024-09-16 14:31:02+00:00,57799.34000000,0.00016000
2024-09-16 14:31:02+00:00,57799.20000000,0.00012000
2024-09-16 14:31:02+00:00,57799.10000000,0.00046000
2024-09-16 14:31:02+00:00,57799.04000000,0.00121000
2024-09-16 14:31:02+00:00,57799.01000000,0.00010000
2024-09-16 14:31:02+00:00,57799.00000000,0.05422000
2024-09-16 14:31:02+00:00,57798.98000000,0.00009000
2024-09-16 14:31:02+00:00,57798.89000000,0.00016000
2024-09-16 14:31:02+00:00,57798.84000000,0.00027000
2024-09-16 14:31:02+00:00,57798.80000000,0.00640000
2024-09-16 14:31:02+00:00,57798.74000000,0.00171000
2024-09-16 14:31:02+00:00,57798.69000000,0.00667000
2024-09-16 14:31:02+00:00,57798.64000000,0.00035000
2024-09-16 14:31:02+00:00,57798.60000000,0.00014000
2024-09-16 14:31:02+00:00,57798.48000000,0.00015000
2024-09-16 14:31:02+00:00,57798.39000000,0.00140000
2024-09-16 14:31:02+00:00,57798.30000000,0.00031000
2024-09-16 14:31:02+00:00,57798.29000000,0.00010000
2024-09-16 14:31:02+00:00,57798.28000000,0.00015000
2024-09-16 14:31:02+00:00,57798.26000000,0.05996000
2024-09-16 14:31:02+00:00,57798.24000000,0.00016000
2024-09-16 14:31:02+00:00,57798.22000000,0.00027000
2024-09-16 14:31:02+00:00,57798.21000000,0.00064000
2024-09-16 14:31:02+00:00,57798.17000000,0.00052000
2024-09-16 14:31:02+00:00,57798.13000000,0.00315000
2024-09-16 14:31:02+00:00,57798.08000000,0.05997000
2024-09-16 14:31:02+00:00,57798.04000000,0.01007000
2024-09-16 14:31:02+00:00,57798.00000000,0.03636000
2024-09-16 14:31:02+00:00,57797.92000000,0.00018000
2024-09-16 14:31:02+00:00,57797.91000000,0.00019000
2024-09-16 14:31:02+00:00,57797.89000000,0.04705000
2024-09-16 14:31:02+00:00,57797.88000000,0.05409000
2024-09-16 14:31:02+00:00,57797.80000000,0.00011000
2024-09-16 14:31:02+00:00,57797.76000000,0.00013000
2024-09-16 14:31:02+00:00,57797.64000000,0.01000000
2024-09-16 14:31:02+00:00,57797.64000000,0.01000000
2024-09-16 14:31:02+00:00,57797.62000000,0.00107000
2024-09-16 14:31:02+00:00,57797.56000000,0.05397000
2024-09-16 14:31:02+00:00,57797.53000000,0.00992000
2024-09-16 14:31:02+00:00,57797.52000000,0.00086000
2024-09-16 14:31:02+00:00,57797.51000000,0.05997000
2024-09-16 14:31:02+00:00,57797.39000000,0.01734000
2024-09-16 14:31:02+00:00,57797.38000000,0.00013000
2024-09-16 14:31:02+00:00,57797.30000000,0.00447000
2024-09-16 14:31:02+00:00,57797.28000000,0.00224000
2024-09-16 14:31:02+00:00,57797.05000000,0.00085000
2024-09-16 14:31:02+00:00,57797.03000000,0.00010000
2024-09-16 14:31:02+00:00,57796.78000000,0.07795000
2024-09-16 14:31:02+00:00,57796.77000000,0.00010000
2024-09-16 14:31:02+00:00,57796.70000000,0.00009000
2024-09-16 14:31:02+00:00,57796.66000000,0.00089000
2024-09-16 14:31:02+00:00,57796.58000000,0.00022000
2024-09-16 14:31:02+00:00,57796.50000000,0.00010000
2024-09-16 14:31:02+00:00,57796.36000000,0.00017000
2024-09-16 14:31:02+00:00,57796.21000000,0.00018000
2024-09-16 14:31:02+00:00,57796.20000000,0.00009000
2024-09-16 14:31:02+00:00,57796.03000000,0.00020000
2024-09-16 14:31:02+00:00,57796.00000000,0.03420000
2024-09-16 14:31:02+00:00,57795.91000000,0.00243000
2024-09-16 14:31:02+00:00,57795.51000000,0.00058000
2024-09-16 14:31:02+00:00,57795.43000000,0.07795000
2024-09-16 14:31:02+00:00,57795.37000000,0.00013000
2024-09-16 14:31:02+00:00,57795.36000000,0.00016000
2024-09-16 14:31:02+00:00,57795.16000000,0.00009000
2024-09-16 14:31:02+00:00,57794.99000000,0.00014000
2024-09-16 14:31:02+00:00,57794.96000000,0.00022000
2024-09-16 14:31:02+00:00,57794.87000000,0.00010000
2024-09-16 14:31:02+00:00,57794.80000000,0.00029000
2024-09-16 14:31:02+00:00,57794.43000000,0.00518000
2024-09-16 14:31:02+00:00,57794.33000000,0.00259000
2024-09-16 14:31:02+00:00,57794.11000000,0.00075000
2024-09-16 14:31:02+00:00,57794.10000000,0.00010000
2024-09-16 14:31:02+00:00,57794.06000000,0.07495000
2024-09-16 14:31:02+00:00,57794.00000000,0.08420000
2024-09-16 14:31:02+00:00,57793.95000000,0.00018000
2024-09-16 14:31:02+00:00,57793.75000000,0.00278000
2024-09-16 14:31:02+00:00,57793.66000000,0.00034000
2024-09-16 14:31:02+00:00,57793.65000000,0.00010000
2024-09-16 14:31:02+00:00,57793.61000000,0.00014000
2024-09-16 14:31:02+00:00,57793.58000000,0.07795000
2024-09-16 14:31:02+00:00,57793.49000000,0.00010000
2024-09-16 14:31:02+00:00,57793.40000000,0.12477000
2024-09-16 14:31:02+00:00,57793.23000000,0.00023000
2024-09-16 14:31:02+00:00,57793.11000000,0.00124000
2024-09-16 14:31:02+00:00,57793.10000000,0.00040000
2024-09-16 14:31:02+00:00,57793.05000000,0.00014000
2024-09-16 14:31:02+00:00,57793.00000000,0.00010000
2024-09-16 14:31:02+00:00,57792.91000000,0.00037000
2024-09-16 14:31:02+00:00,57792.58000000,0.00125000
2024-09-16 14:31:02+00:00,57792.52000000,0.00052000
2024-09-16 14:31:02+00:00,57792.45000000,0.07795000
2024-09-16 14:31:02+00:00,57792.31000000,0.07796000
2024-09-16 14:31:02+00:00,57792.25000000,0.00141000
2024-09-16 14:31:02+00:00,57792.17000000,0.51762000
2024-09-16 14:31:02+00:00,57792.12000000,0.86258000
2024-09-16 14:31:02+00:00,57792.01000000,0.52215000
2024-09-16 14:31:02+00:00,57792.00000000,0.03420000
2024-09-16 14:31:02+00:00,57791.60000000,0.00012000
2024-09-16 14:31:02+00:00,57791.49000000,0.00009000
2024-09-16 14:31:02+00:00,57791.43000000,0.00067000
2024-09-16 14:31:02+00:00,57791.24000000,0.07796000
2024-09-16 14:31:02+00:00,57791.20000000,0.00018000
2024-09-16 14:31:02+00:00,57791.19000000,0.00020000
2024-09-16 14:31:02+00:00,57791.18000000,0.15592000
2024-09-16 14:31:02+00:00,57791.10000000,0.06920000
2024-09-16 14:31:02+00:00,57791.09000000,0.00013000
2024-09-16 14:31:02+00:00,57791.06000000,0.00017000
2024-09-16 14:31:02+00:00,57791.05000000,0.01197000
2024-09-16 14:31:02+00:00,57791.00000000,0.00047000
2024-09-16 14:31:02+00:00,57790.90000000,0.00010000
2024-09-16 14:31:02+00:00,57790.82000000,0.01323000
2024-09-16 14:31:02+00:00,57790.72000000,0.00010000
2024-09-16 14:31:02+00:00,57790.69000000,0.00014000
2024-09-16 14:31:02+00:00,57790.47000000,0.00013000
2024-09-16 14:31:02+00:00,57790.26000000,0.00009000
2024-09-16 14:31:02+00:00,57790.22000000,0.00020000
2024-09-16 14:31:02+00:00,57790.00000000,0.03729000
2024-09-16 14:31:02+00:00,57789.90000000,0.00019000
2024-09-16 14:31:02+00:00,57789.86000000,0.00058000
2024-09-16 14:31:02+00:00,57789.81000000,0.10000000
2024-09-16 14:31:02+00:00,57789.71000000,0.00015000
2024-09-16 14:31:02+00:00,57789.65000000,0.00035000
2024-09-16 14:31:02+00:00,57789.63000000,0.00012000
2024-09-16 14:31:02+00:00,57789.60000000,0.00012000
2024-09-16 14:31:02+00:00,57789.57000000,0.00013000
2024-09-16 14:31:02+00:00,57789.54000000,0.00691000
2024-09-16 14:31:02+00:00,57789.50000000,0.00012000
2024-09-16 14:31:02+00:00,57789.47000000,0.00010000
2024-09-16 14:31:02+00:00,57789.35000000,0.00009000
2024-09-16 14:31:02+00:00,57789.27000000,0.00184000
2024-09-16 14:31:02+00:00,57789.21000000,0.00029000
2024-09-16 14:31:02+00:00,57789.00000000,0.02401000
2024-09-16 14:31:02+00:00,57788.94000000,0.00012000
2024-09-16 14:31:02+00:00,57788.93000000,0.00042000
2024-09-16 14:31:02+00:00,57788.90000000,0.10000000
2024-09-16 14:31:02+00:00,57788.82000000,0.00022000
2024-09-16 14:31:02+00:00,57788.62000000,0.00059000
2024-09-16 14:31:02+00:00,57788.61000000,0.00048000
2024-09-16 14:31:02+00:00,57788.47000000,0.00011000
2024-09-16 14:31:02+00:00,57788.42000000,0.00139000
2024-09-16 14:31:02+00:00,57788.40000000,0.02543000
2024-09-16 14:31:02+00:00,57788.29000000,0.00041000
2024-09-16 14:31:02+00:00,57788.16000000,0.00037000
2024-09-16 14:31:02+00:00,57788.01000000,0.00012000
2024-09-16 14:31:02+00:00,57788.00000000,0.03617000
2024-09-16 14:31:02+00:00,57787.97000000,0.00028000
2024-09-16 14:31:02+00:00,57787.82000000,0.00372000
2024-09-16 14:31:02+00:00,57787.73000000,0.00009000
2024-09-16 14:31:02+00:00,57787.53000000,0.00010000
2024-09-16 14:31:02+00:00,57787.50000000,0.07714000
2024-09-16 14:31:02+00:00,57787.41000000,0.00015000
2024-09-16 14:31:02+00:00,57787.35000000,0.06921000
2024-09-16 14:31:02+00:00,57787.34000000,0.00015000
2024-09-16 14:31:02+00:00,57787.25000000,0.04321000
2024-09-16 14:31:02+00:00,57787.23000000,0.00013000
2024-09-16 14:31:02+00:00,57787.11000000,0.00484000
2024-09-16 14:31:02+00:00,57787.00000000,0.02616000
2024-09-16 14:31:02+00:00,57786.74000000,0.00070000
2024-09-16 14:31:02+00:00,57786.44000000,0.56348000
2024-09-16 14:31:02+00:00,57786.43000000,0.07696000
2024-09-16 14:31:02+00:00,57786.35000000,0.86258000
2024-09-16 14:31:02+00:00,57786.28000000,0.07696000
2024-09-16 14:31:02+00:00,57786.17000000,0.00009000
2024-09-16 14:31:02+00:00,57786.05000000,0.00013000
2024-09-16 14:31:02+00:00,57786.00000000,0.03420000
2024-09-16 14:31:02+00:00,57785.98000000,0.00020000
2024-09-16 14:31:02+00:00,57785.96000000,0.00009000
2024-09-16 14:31:02+00:00,57785.92000000,0.00009000
2024-09-16 14:31:02+00:00,57785.90000000,0.00058000
2024-09-16 14:31:02+00:00,57785.81000000,0.00023000
2024-09-16 14:31:02+00:00,57785.73000000,0.00074000
2024-09-16 14:31:02+00:00,57785.71000000,0.00114000
2024-09-16 14:31:02+00:00,57785.58000000,0.00011000
2024-09-16 14:31:02+00:00,57785.56000000,0.00692000
2024-09-16 14:31:02+00:00,57785.56000000,0.00692000
2024-09-16 14:31:02+00:00,57785.06000000,0.07696000
2024-09-16 14:31:02+00:00,57785.05000000,0.07696000
2024-09-16 14:31:02+00:00,57785.00000000,0.00541000
2024-09-16 14:31:02+00:00,57784.90000000,0.00013000
2024-09-16 14:31:02+00:00,57784.85000000,0.00009000
2024-09-16 14:31:02+00:00,57784.61000000,0.00045000
2024-09-16 14:31:02+00:00,57784.55000000,0.00042000
2024-09-16 14:31:02+00:00,57784.54000000,0.05797000
2024-09-16 14:31:02+00:00,57784.45000000,0.00020000
2024-09-16 14:31:02+00:00,57784.32000000,0.00009000
2024-09-16 14:31:02+00:00,57784.20000000,0.00018000
2024-09-16 14:31:02+00:00,57784.19000000,0.00014000
2024-09-16 14:31:02+00:00,57784.17000000,0.00155000
2024-09-16 14:31:02+00:00,57784.08000000,0.00931000
2024-09-16 14:31:02+00:00,57784.06000000,0.46220000
2024-09-16 14:31:02+00:00,57784.00000000,0.07333000
2024-09-16 14:31:02+00:00,57783.90000000,0.07696000
2024-09-16 14:31:02+00:00,57783.88000000,0.07706000
2024-09-16 14:31:02+00:00,57783.85000000,0.00037000
2024-09-16 14:31:02+00:00,57783.83000000,0.00046000
2024-09-16 14:31:02+00:00,57783.82000000,0.01200000
2024-09-16 14:31:02+00:00,57783.76000000,0.00016000
2024-09-16 14:31:02+00:00,57783.66000000,0.00009000
2024-09-16 14:31:02+00:00,57783.57000000,0.00053000
2024-09-16 14:31:02+00:00,57783.41000000,0.00014000
2024-09-16 14:31:02+00:00,57781.52000000,0.00038000
2024-09-16 14:31:02+00:00,57776.50000000,0.00030000
2024-09-16 14:31:02+00:00,57765.31000000,0.00000000
2024-09-16 14:31:02+00:00,57761.99000000,0.00000000
2024-09-16 14:31:02+00:00,57760.83000000,0.00000000
2024-09-16 14:31:02+00:00,57736.08000000,0.00013000
2024-09-16 14:31:02+00:00,57732.99000000,0.00000000
2024-09-16 14:31:02+00:00,57704.62000000,0.00000000
2024-09-16 14:31:02+00:00,57683.93000000,2.42197000
2024-09-16 14:31:02+00:00,57680.07000000,0.00000000
2024-09-16 14:31:02+00:00,57678.50000000,0.09999000
2024-09-16 14:31:02+00:00,57673.70000000,0.00011000
2024-09-16 14:31:02+00:00,57671.10000000,0.00000000
2024-09-16 14:31:02+00:00,57629.91000000,0.00000000
2024-09-16 14:31:02+00:00,56223.88000000,0.05996000
2024-09-16 14:31:02+00:00,56218.69000000,0.00000000
2024-09-16 14:31:02+00:00,56218.09000000,0.00000000
2024-09-16 14:31:02+00:00,56214.17000000,0.00000000
2024-09-16 14:31:02+00:00,56213.62000000,0.00000000
2024-09-16 14:31:02+00:00,56212.89000000,0.00000000
2024-09-16 14:31:02+00:00,56212.57000000,0.00000000
2024-09-16 14:31:02+00:00,56210.20000000,0.00000000
2024-09-16 14:31:02+00:00,56160.71000000,0.00098000
2024-09-16 14:31:02+00:00,55247.83000000,0.00000000
2024-09-16 14:31:02+00:00,54957.80000000,0.02323000
2024-09-16 14:31:02+00:00,52107.00000000,2.00034000
2024-09-16 14:31:02+00:00,33000.00000000,12.07088000
2024-09-16 14:31:03+00:00,57903.99000000,4.66487000
2024-09-16 14:31:03+00:00,57903.99000000,1.73319000
2024-09-16 14:31:03+00:00,57903.98000000,0.67490000
2024-09-16 14:31:03+00:00,57903.98000000,0.00020000
2024-09-16 14:31:03+00:00,57903.97000000,0.00587000
2024-09-16 14:31:03+00:00,57903.86000000,0.00000000
2024-09-16 14:31:03+00:00,57903.80000000,0.00000000
2024-09-16 14:31:03+00:00,57903.79000000,0.00000000
2024-09-16 14:31:03+00:00,57903.78000000,0.06249000
2024-09-16 14:31:03+00:00,57903.78000000,0.00000000
2024-09-16 14:31:03+00:00,57903.64000000,0.00000000
2024-09-16 14:31:03+00:00,57903.27000000,0.00000000
2024-09-16 14:31:03+00:00,57903.26000000,0.00000000
2024-09-16 14:31:03+00:00,57903.13000000,0.00000000
2024-09-16 14:31:03+00:00,57903.00000000,0.00010000
2024-09-16 14:31:03+00:00,57902.99000000,0.00023000
2024-09-16 14:31:03+00:00,57902.99000000,0.00033000
2024-09-16 14:31:03+00:00,57902.98000000,0.27360000
2024-09-16 14:31:03+00:00,57902.98000000,0.11950000
2024-09-16 14:31:03+00:00,57902.88000000,0.00000000
2024-09-16 14:31:03+00:00,57902.87000000,0.99086000
2024-09-16 14:31:03+00:00,57902.87000000,0.00000000
2024-09-16 14:31:03+00:00,57902.86000000,0.00000000
2024-09-16 14:31:03+00:00,57902.30000000,0.00000000
2024-09-16 14:31:03+00:00,57902.26000000,0.00890000
2024-09-16 14:31:03+00:00,57902.05000000,0.00000000
2024-09-16 14:31:03+00:00,57902.02000000,0.00020000
2024-09-16 14:31:03+00:00,57902.01000000,0.00023000
2024-09-16 14:31:03+00:00,57902.01000000,0.07935000
2024-09-16 14:31:03+00:00,57902.00000000,0.16693000
2024-09-16 14:31:03+00:00,57902.00000000,0.16670000
2024-09-16 14:31:03+00:00,57901.99000000,0.47174000
2024-09-16 14:31:03+00:00,57901.99000000,0.01433000
2024-09-16 14:31:03+00:00,57901.98000000,0.37311000
2024-09-16 14:31:03+00:00,57901.98000000,0.00000000
2024-09-16 14:31:03+00:00,57901.97000000,0.27350000
2024-09-16 14:31:03+00:00,57901.97000000,0.27350000
2024-09-16 14:31:03+00:00,57901.45000000,0.00000000
2024-09-16 14:31:03+00:00,57901.10000000,0.03455000
2024-09-16 14:31:03+00:00,57901.05000000,0.00000000
2024-09-16 14:31:03+00:00,57901.04000000,0.00000000
2024-09-16 14:31:03+00:00,57901.04000000,0.00000000
2024-09-16 14:31:03+00:00,57900.99000000,0.00000000
2024-09-16 14:31:03+00:00,57900.98000000,0.00000000
2024-09-16 14:31:03+00:00,57900.89000000,0.00000000
2024-09-16 14:31:03+00:00,57900.87000000,0.13185000
2024-09-16 14:31:03+00:00,57900.79000000,0.00000000
2024-09-16 14:31:03+00:00,57900.78000000,0.00000000
2024-09-16 14:31:03+00:00,57900.18000000,0.00043000
2024-09-16 14:31:03+00:00,57900.15000000,0.00000000
2024-09-16 14:31:03+00:00,57900.14000000,0.00000000
2024-09-16 14:31:03+00:00,57900.14000000,0.00000000
2024-09-16 14:31:03+00:00,57900.13000000,1.86403000
2024-09-16 14:31:03+00:00,57900.13000000,0.00000000
2024-09-16 14:31:03+00:00,57900.12000000,0.06239000
2024-09-16 14:31:03+00:00,57900.12000000,0.19121000
2024-09-16 14:31:03+00:00,57900.11000000,0.15400000
2024-09-16 14:31:03+00:00,57900.11000000,0.15400000
2024-09-16 14:31:03+00:00,57900.08000000,0.21460000
2024-09-16 14:31:03+00:00,57900.07000000,0.00000000
2024-09-16 14:31:03+00:00,57900.01000000,0.00013000
2024-09-16 14:31:03+00:00,57900.00000000,1.02928000
2024-09-16 14:31:03+00:00,57900.00000000,0.16670000
2024-09-16 14:31:03+00:00,57899.99000000,0.00000000
2024-09-16 14:31:03+00:00,57899.98000000,0.00000000
2024-09-16 14:31:03+00:00,57899.86000000,0.00000000
2024-09-16 14:31:03+00:00,57899.55000000,0.00000000
2024-09-16 14:31:03+00:00,57899.49000000,0.00000000
2024-09-16 14:31:03+00:00,57899.00000000,0.00000000
2024-09-16 14:31:03+00:00,57898.99000000,0.00000000
2024-09-16 14:31:03+00:00,57898.76000000,0.00000000
2024-09-16 14:31:03+00:00,57898.75000000,0.00000000
2024-09-16 14:31:03+00:00,57898.66000000,0.00000000
2024-09-16 14:31:03+00:00,57898.65000000,0.00000000
2024-09-16 14:31:03+00:00,57898.52000000,0.00000000
2024-09-16 14:31:03+00:00,57898.50000000,0.00000000
2024-09-16 14:31:03+00:00,57898.49000000,0.00000000
2024-09-16 14:31:03+00:00,57898.01000000,0.00000000
2024-09-16 14:31:03+00:00,57898.01000000,0.00000000
2024-09-16 14:31:03+00:00,57898.00000000,0.16670000
2024-09-16 14:31:03+00:00,57897.99000000,0.00000000
2024-09-16 14:31:03+00:00,57897.98000000,0.00000000
2024-09-16 14:31:03+00:00,57897.79000000,0.00000000
2024-09-16 14:31:03+00:00,57897.76000000,0.00000000
2024-09-16 14:31:03+00:00,57897.69000000,0.00000000
2024-09-16 14:31:03+00:00,57897.68000000,0.00000000
2024-09-16 14:31:03+00:00,57897.67000000,0.00000000
2024-09-16 14:31:03+00:00,57897.65000000,0.00000000
2024-09-16 14:31:03+00:00,57897.64000000,3.85962000
2024-09-16 14:31:03+00:00,57897.64000000,0.00587000
2024-09-16 14:31:03+00:00,57897.64000000,0.00000000
2024-09-16 14:31:03+00:00,57897.63000000,0.11807000
2024-09-16 14:31:03+00:00,57897.63000000,0.00000000
2024-09-16 14:31:03+00:00,57897.62000000,0.00577000
2024-09-16 14:31:03+00:00,57897.62000000,0.00577000
2024-09-16 14:31:03+00:00,57897.62000000,0.00000000
2024-09-16 14:31:03+00:00,57897.60000000,0.00576000
2024-09-16 14:31:03+00:00,57897.60000000,0.00000000
2024-09-16 14:31:03+00:00,57897.32000000,0.00000000
2024-09-16 14:31:03+00:00,57897.28000000,0.00043000
2024-09-16 14:31:03+00:00,57897.11000000,0.00000000
2024-09-16 14:31:03+00:00,57897.03000000,0.00000000
2024-09-16 14:31:03+00:00,57897.01000000,0.00000000
2024-09-16 14:31:03+00:00,57897.00000000,0.06921000
2024-09-16 14:31:03+00:00,57897.00000000,0.00031000
2024-09-16 14:31:03+00:00,57896.78000000,0.22131000
2024-09-16 14:31:03+00:00,57896.78000000,0.22130000
2024-09-16 14:31:03+00:00,57896.77000000,0.12223000
2024-09-16 14:31:03+00:00,57896.77000000,0.00000000
2024-09-16 14:31:03+00:00,57896.65000000,0.00023000
2024-09-16 14:31:03+00:00,57896.65000000,0.00000000
2024-09-16 14:31:03+00:00,57896.50000000,0.00062000
2024-09-16 14:31:03+00:00,57896.47000000,0.00010000
2024-09-16 14:31:03+00:00,57896.47000000,0.00000000
2024-09-16 14:31:03+00:00,57896.41000000,0.00010000
2024-09-16 14:31:03+00:00,57896.41000000,0.00000000
2024-09-16 14:31:03+00:00,57896.40000000,0.00010000
2024-09-16 14:31:03+00:00,57896.40000000,0.00000000
2024-09-16 14:31:03+00:00,57896.31000000,0.00000000
2024-09-16 14:31:03+00:00,57896.16000000,0.13884000
2024-09-16 14:31:03+00:00,57896.15000000,0.38963000
2024-09-16 14:31:03+00:00,57896.15000000,0.00000000
2024-09-16 14:31:03+00:00,57896.14000000,0.00000000
2024-09-16 14:31:03+00:00,57896.01000000,0.20758000
2024-09-16 14:31:03+00:00,57896.01000000,0.00000000
2024-09-16 14:31:03+00:00,57896.00000000,0.16670000
2024-09-16 14:31:03+00:00,57896.00000000,0.16732000
2024-09-16 14:31:03+00:00,57895.98000000,0.00173000
2024-09-16 14:31:03+00:00,57895.77000000,0.11555000
2024-09-16 14:31:03+00:00,57895.77000000,0.00000000
2024-09-16 14:31:03+00:00,57895.72000000,0.00000000
2024-09-16 14:31:03+00:00,57895.71000000,0.00000000
2024-09-16 14:31:03+00:00,57895.70000000,0.00000000
2024-09-16 14:31:03+00:00,57895.62000000,0.00084000
2024-09-16 14:31:03+00:00,57895.62000000,0.00000000
2024-09-16 14:31:03+00:00,57895.60000000,0.00000000
2024-09-16 14:31:03+00:00,57895.58000000,0.00042000
2024-09-16 14:31:03+00:00,57895.58000000,0.00000000
2024-09-16 14:31:03+00:00,57895.50000000,0.00063000
2024-09-16 14:31:03+00:00,57895.27000000,0.34543000
2024-09-16 14:31:03+00:00,57895.27000000,0.00000000
2024-09-16 14:31:03+00:00,57895.10000000,0.00010000
2024-09-16 14:31:03+00:00,57895.09000000,0.00042000
2024-09-16 14:31:03+00:00,57895.09000000,0.00000000
2024-09-16 14:31:03+00:00,57895.00000000,0.00062000
2024-09-16 14:31:03+00:00,57894.50000000,0.00062000
2024-09-16 14:31:03+00:00,57894.39000000,0.00043000
2024-09-16 14:31:03+00:00,57894.39000000,0.00043000
2024-09-16 14:31:03+00:00,57894.21000000,0.00018000
2024-09-16 14:31:03+00:00,57894.01000000,0.00013000
2024-09-16 14:31:03+00:00,57894.01000000,0.00000000
2024-09-16 14:31:03+00:00,57894.00000000,0.16670000
2024-09-16 14:31:03+00:00,57894.00000000,0.16733000
2024-09-16 14:31:03+00:00,57893.98000000,0.00000000
2024-09-16 14:31:03+00:00,57893.97000000,0.00013000
2024-09-16 14:31:03+00:00,57893.64000000,0.06239000
2024-09-16 14:31:03+00:00,57893.64000000,0.00000000
2024-09-16 14:31:03+00:00,57893.50000000,0.00187000
2024-09-16 14:31:03+00:00,57893.50000000,0.06952000
2024-09-16 14:31:03+00:00,57893.50000000,0.00062000
2024-09-16 14:31:03+00:00,57893.45000000,0.00000000
2024-09-16 14:31:03+00:00,57893.04000000,0.00000000
2024-09-16 14:31:03+00:00,57893.00000000,0.00063000
2024-09-16 14:31:03+00:00,57893.00000000,0.00063000
2024-09-16 14:31:03+00:00,57892.81000000,0.00000000
2024-09-16 14:31:03+00:00,57892.79000000,0.00000000
2024-09-16 14:31:03+00:00,57892.78000000,0.00000000
2024-09-16 14:31:03+00:00,57892.77000000,0.25873000
2024-09-16 14:31:03+00:00,57892.77000000,0.40310000
2024-09-16 14:31:03+00:00,57892.76000000,0.43107000
2024-09-16 14:31:03+00:00,57892.76000000,0.00000000
2024-09-16 14:31:03+00:00,57892.58000000,0.08634000
2024-09-16 14:31:03+00:00,57892.50000000,0.00062000
2024-09-16 14:31:03+00:00,57892.50000000,0.00062000
2024-09-16 14:31:03+00:00,57892.32000000,0.72574000
2024-09-16 14:31:03+00:00,57892.11000000,0.00000000
2024-09-16 14:31:03+00:00,57892.07000000,0.00000000
2024-09-16 14:31:03+00:00,57892.02000000,0.03196000
2024-09-16 14:31:03+00:00,57892.02000000,0.00000000
2024-09-16 14:31:03+00:00,57892.01000000,0.10002000
2024-09-16 14:31:03+00:00,57892.01000000,0.00000000
2024-09-16 14:31:03+00:00,57892.00000000,0.16733000
2024-09-16 14:31:03+00:00,57892.00000000,0.16670000
2024-09-16 14:31:03+00:00,57891.99000000,0.00000000
2024-09-16 14:31:03+00:00,57891.63000000,0.00000000
2024-09-16 14:31:03+00:00,57891.60000000,0.34545000
2024-09-16 14:31:03+00:00,57891.60000000,0.00000000
2024-09-16 14:31:03+00:00,57891.59000000,0.00000000
2024-09-16 14:31:03+00:00,57891.50000000,0.00062000
2024-09-16 14:31:03+00:00,57891.50000000,0.00000000
2024-09-16 14:31:03+00:00,57891.49000000,0.00043000
2024-09-16 14:31:03+00:00,57891.49000000,0.00043000
2024-09-16 14:31:03+00:00,57891.48000000,0.00000000
2024-09-16 14:31:03+00:00,57891.43000000,0.00000000
2024-09-16 14:31:03+00:00,57891.29000000,0.51755000
2024-09-16 14:31:03+00:00,57891.29000000,0.51755000
2024-09-16 14:31:03+00:00,57891.28000000,0.86258000
2024-09-16 14:31:03+00:00,57891.28000000,0.86258000
2024-09-16 14:31:03+00:00,57891.24000000,0.00009000
2024-09-16 14:31:03+00:00,57891.10000000,0.06908000
2024-09-16 14:31:03+00:00,57891.00000000,0.00063000
2024-09-16 14:31:03+00:00,57891.00000000,0.00000000
2024-09-16 14:31:03+00:00,57890.94000000,0.29944000
2024-09-16 14:31:03+00:00,57890.94000000,0.29944000
2024-09-16 14:31:03+00:00,57890.63000000,0.00000000
2024-09-16 14:31:03+00:00,57890.50000000,0.00062000
2024-09-16 14:31:03+00:00,57890.50000000,0.00000000
2024-09-16 14:31:03+00:00,57890.12000000,0.00000000
2024-09-16 14:31:03+00:00,57890.07000000,0.34546000
2024-09-16 14:31:03+00:00,57890.01000000,0.00000000
2024-09-16 14:31:03+00:00,57890.00000000,0.16905000
2024-09-16 14:31:03+00:00,57890.00000000,0.27972000
2024-09-16 14:31:03+00:00,57890.00000000,0.23732000
2024-09-16 14:31:03+00:00,57889.80000000,0.01300000
2024-09-16 14:31:03+00:00,57889.64000000,0.00173000
2024-09-16 14:31:03+00:00,57889.64000000,0.00000000
2024-09-16 14:31:03+00:00,57889.50000000,0.00062000
2024-09-16 14:31:03+00:00,57889.50000000,0.00000000
2024-09-16 14:31:03+00:00,57889.26000000,0.08634000
2024-09-16 14:31:03+00:00,57889.20000000,0.00000000
2024-09-16 14:31:03+00:00,57889.00000000,0.00063000
2024-09-16 14:31:03+00:00,57889.00000000,0.00000000
2024-09-16 14:31:03+00:00,57888.80000000,0.00000000
2024-09-16 14:31:03+00:00,57888.64000000,0.00000000
2024-09-16 14:31:03+00:00,57888.60000000,0.00043000
2024-09-16 14:31:03+00:00,57888.51000000,0.00863000
2024-09-16 14:31:03+00:00,57888.50000000,0.00000000
2024-09-16 14:31:03+00:00,57888.44000000,0.06908000
2024-09-16 14:31:03+00:00,57888.44000000,0.00000000
2024-09-16 14:31:03+00:00,57888.42000000,0.01300000
2024-09-16 14:31:03+00:00,57888.37000000,0.07510000
2024-09-16 14:31:03+00:00,57888.37000000,0.00000000
2024-09-16 14:31:03+00:00,57888.27000000,0.00009000
2024-09-16 14:31:03+00:00,57888.17000000,0.00013000
2024-09-16 14:31:03+00:00,57888.00000000,0.16670000
2024-09-16 14:31:03+00:00,57888.00000000,0.16670000
2024-09-16 14:31:03+00:00,57887.97000000,0.51728000
2024-09-16 14:31:03+00:00,57887.97000000,0.00000000
2024-09-16 14:31:03+00:00,57887.72000000,0.12609000
2024-09-16 14:31:03+00:00,57887.72000000,0.00000000
2024-09-16 14:31:03+00:00,57887.50000000,0.00000000
2024-09-16 14:31:03+00:00,57887.38000000,0.34548000
2024-09-16 14:31:03+00:00,57887.38000000,0.00000000
2024-09-16 14:31:03+00:00,57887.10000000,0.06465000
2024-09-16 14:31:03+00:00,57887.10000000,0.00000000
2024-09-16 14:31:03+00:00,57887.04000000,0.00000000
2024-09-16 14:31:03+00:00,57887.00000000,0.00000000
2024-09-16 14:31:03+00:00,57886.94000000,0.00000000
2024-09-16 14:31:03+00:00,57886.93000000,0.48833000
2024-09-16 14:31:03+00:00,57886.92000000,0.38971000
2024-09-16 14:31:03+00:00,57886.92000000,0.00000000
2024-09-16 14:31:03+00:00,57886.79000000,0.17270000
2024-09-16 14:31:03+00:00,57886.76000000,0.43107000
2024-09-16 14:31:03+00:00,57886.76000000,0.43107000
2024-09-16 14:31:03+00:00,57886.76000000,0.00000000
2024-09-16 14:31:03+00:00,57886.66000000,0.00000000
2024-09-16 14:31:03+00:00,57886.52000000,0.41593000
2024-09-16 14:31:03+00:00,57886.50000000,0.06890000
2024-09-16 14:31:03+00:00,57886.50000000,0.06890000
2024-09-16 14:31:03+00:00,57886.50000000,0.06890000
2024-09-16 14:31:03+00:00,57886.44000000,0.04317000
2024-09-16 14:31:03+00:00,57886.28000000,0.03196000
2024-09-16 14:31:03+00:00,57886.25000000,0.86258000
2024-09-16 14:31:03+00:00,57886.20000000,0.06239000
2024-09-16 14:31:03+00:00,57886.20000000,0.06239000
2024-09-16 14:31:03+00:00,57886.20000000,0.00000000
2024-09-16 14:31:03+00:00,57886.10000000,0.03196000
2024-09-16 14:31:03+00:00,57886.10000000,0.00000000
2024-09-16 14:31:03+00:00,57886.00000000,0.16670000
2024-09-16 14:31:03+00:00,57886.00000000,0.16670000
2024-09-16 14:31:03+00:00,57885.79000000,0.00043000
2024-09-16 14:31:03+00:00,57885.71000000,0.00043000
2024-09-16 14:31:03+00:00,57885.67000000,0.00000000
2024-09-16 14:31:03+00:00,57885.50000000,0.00000000
2024-09-16 14:31:03+00:00,57885.30000000,0.00009000
2024-09-16 14:31:03+00:00,57885.00000000,0.00000000
2024-09-16 14:31:03+00:00,57884.89000000,0.04316000
2024-09-16 14:31:03+00:00,57884.82000000,0.01000000
2024-09-16 14:31:03+00:00,57884.31000000,0.04193000
2024-09-16 14:31:03+00:00,57884.31000000,0.00000000
2024-09-16 14:31:03+00:00,57884.11000000,0.04176000
2024-09-16 14:31:03+00:00,57884.11000000,0.25342000
2024-09-16 14:31:03+00:00,57884.11000000,0.04176000
2024-09-16 14:31:03+00:00,57884.08000000,0.43107000
2024-09-16 14:31:03+00:00,57884.08000000,0.00000000
2024-09-16 14:31:03+00:00,57883.00000000,0.06890000
2024-09-16 14:31:03+00:00,57882.81000000,0.00043000
2024-09-16 14:31:03+00:00,57882.71000000,0.06907000
2024-09-16 14:31:03+00:00,57882.70000000,0.17271000
2024-09-16 14:31:03+00:00,57882.63000000,0.01300000
2024-09-16 14:31:03+00:00,57882.48000000,0.00092000
2024-09-16 14:31:03+00:00,57882.48000000,0.00000000
2024-09-16 14:31:03+00:00,57882.37000000,0.00013000
2024-09-16 14:31:03+00:00,57882.33000000,0.00009000
2024-09-16 14:31:03+00:00,57882.08000000,0.06908000
2024-09-16 14:31:03+00:00,57882.08000000,0.06907000
2024-09-16 14:31:03+00:00,57882.07000000,0.50465000
2024-09-16 14:31:03+00:00,57881.96000000,0.00000000
2024-09-16 14:31:03+00:00,57881.62000000,0.03433000
2024-09-16 14:31:03+00:00,57881.61000000,0.51749000
2024-09-16 14:31:03+00:00,57881.60000000,0.06908000
2024-09-16 14:31:03+00:00,57881.60000000,0.00000000
2024-09-16 14:31:03+00:00,57881.58000000,0.86258000
2024-09-16 14:31:03+00:00,57881.42000000,0.00868000
2024-09-16 14:31:03+00:00,57881.42000000,0.00868000
2024-09-16 14:31:03+00:00,57881.40000000,0.00000000
2024-09-16 14:31:03+00:00,57881.10000000,0.06910000
2024-09-16 14:31:03+00:00,57880.87000000,0.00000000
2024-09-16 14:31:03+00:00,57880.84000000,0.06907000
2024-09-16 14:31:03+00:00,57880.83000000,0.00000000
2024-09-16 14:31:03+00:00,57880.83000000,0.51728000
2024-09-16 14:31:03+00:00,57880.82000000,0.01000000
2024-09-16 14:31:03+00:00,57880.44000000,0.01036000
2024-09-16 14:31:03+00:00,57880.36000000,0.00000000
2024-09-16 14:31:03+00:00,57880.26000000,0.00393000
2024-09-16 14:31:03+00:00,57880.20000000,0.04243000
2024-09-16 14:31:03+00:00,57880.15000000,0.17270000
2024-09-16 14:31:03+00:00,57880.11000000,0.00086000
2024-09-16 14:31:03+00:00,57880.00000000,0.01728000
2024-09-16 14:31:03+00:00,57879.92000000,0.00043000
2024-09-16 14:31:03+00:00,57879.82000000,0.06735000
2024-09-16 14:31:03+00:00,57879.82000000,0.00000000
2024-09-16 14:31:03+00:00,57879.62000000,0.00000000
2024-09-16 14:31:03+00:00,57879.50000000,0.06890000
2024-09-16 14:31:03+00:00,57879.36000000,0.00009000
2024-09-16 14:31:03+00:00,57879.27000000,0.00000000
2024-09-16 14:31:03+00:00,57878.47000000,0.04508000
2024-09-16 14:31:03+00:00,57878.47000000,0.00000000
2024-09-16 14:31:03+00:00,57878.46000000,0.07510000
2024-09-16 14:31:03+00:00,57878.46000000,0.00000000
2024-09-16 14:31:03+00:00,57878.20000000,0.00000000
2024-09-16 14:31:03+00:00,57878.04000000,0.25865000
2024-09-16 14:31:03+00:00,57878.04000000,0.03328000
2024-09-16 14:31:03+00:00,57878.03000000,0.06908000
2024-09-16 14:31:03+00:00,57877.60000000,0.00000000
2024-09-16 14:31:03+00:00,57877.42000000,0.00000000
2024-09-16 14:31:03+00:00,57877.21000000,0.43107000
2024-09-16 14:31:03+00:00,57877.21000000,0.00000000
2024-09-16 14:31:03+00:00,57877.17000000,0.06640000
2024-09-16 14:31:03+00:00,57877.13000000,0.00397000
2024-09-16 14:31:03+00:00,57877.11000000,0.00000000
2024-09-16 14:31:03+00:00,57877.02000000,0.00043000
2024-09-16 14:31:03+00:00,57876.99000000,0.02769000
2024-09-16 14:31:03+00:00,57876.93000000,0.00863000
2024-09-16 14:31:03+00:00,57876.84000000,0.01318000
2024-09-16 14:31:03+00:00,57876.57000000,0.00013000
2024-09-16 14:31:03+00:00,57876.39000000,0.00009000
2024-09-16 14:31:03+00:00,57876.07000000,0.00042000
2024-09-16 14:31:03+00:00,57876.07000000,0.00042000
2024-09-16 14:31:03+00:00,57876.07000000,0.00000000
2024-09-16 14:31:03+00:00,57876.01000000,0.43555000
2024-09-16 14:31:03+00:00,57876.01000000,0.05182000
2024-09-16 14:31:03+00:00,57876.00000000,0.06890000
2024-09-16 14:31:03+00:00,57875.95000000,0.72590000
2024-09-16 14:31:03+00:00,57875.95000000,0.00000000
2024-09-16 14:31:03+00:00,57875.93000000,0.04251000
2024-09-16 14:31:03+00:00,57875.93000000,0.00000000
2024-09-16 14:31:03+00:00,57875.00000000,0.06239000
2024-09-16 14:31:03+00:00,57874.89000000,0.00043000
2024-09-16 14:31:03+00:00,57874.89000000,0.00000000
2024-09-16 14:31:03+00:00,57874.86000000,0.08635000
2024-09-16 14:31:03+00:00,57874.61000000,0.00000000
2024-09-16 14:31:03+00:00,57874.54000000,0.00000000
2024-09-16 14:31:03+00:00,57874.13000000,0.00043000
2024-09-16 14:31:03+00:00,57873.80000000,0.25878000
2024-09-16 14:31:03+00:00,57873.78000000,0.51728000
2024-09-16 14:31:03+00:00,57873.78000000,0.00000000
2024-09-16 14:31:03+00:00,57873.42000000,0.00009000
2024-09-16 14:31:03+00:00,57873.39000000,0.41593000
2024-09-16 14:31:03+00:00,57873.39000000,0.00000000
2024-09-16 14:31:03+00:00,57873.29000000,0.00086000
2024-09-16 14:31:03+00:00,57873.04000000,0.06649000
2024-09-16 14:31:03+00:00,57873.04000000,0.00000000
2024-09-16 14:31:03+00:00,57872.74000000,0.17271000
2024-09-16 14:31:03+00:00,57872.50000000,0.06890000
2024-09-16 14:31:03+00:00,57872.35000000,0.00000000
2024-09-16 14:31:03+00:00,57872.01000000,0.51762000
2024-09-16 14:31:03+00:00,57871.85000000,0.17271000
2024-09-16 14:31:03+00:00,57871.79000000,0.68971000
2024-09-16 14:31:03+00:00,57871.53000000,0.00000000
2024-09-16 14:31:03+00:00,57871.39000000,0.01728000
2024-09-16 14:31:03+00:00,57871.39000000,0.01728000
2024-09-16 14:31:03+00:00,57871.19000000,0.86214000
2024-09-16 14:31:03+00:00,57871.17000000,0.86258000
2024-09-16 14:31:03+00:00,57871.10000000,0.06911000
2024-09-16 14:31:03+00:00,57871.05000000,0.01300000
2024-09-16 14:31:03+00:00,57870.77000000,0.00013000
2024-09-16 14:31:03+00:00,57870.45000000,0.00182000
2024-09-16 14:31:03+00:00,57870.41000000,0.01000000
2024-09-16 14:31:03+00:00,57870.33000000,0.00000000
2024-09-16 14:31:03+00:00,57870.01000000,0.31057000
2024-09-16 14:31:03+00:00,57870.00000000,0.00800000
2024-09-16 14:31:03+00:00,57869.79000000,0.00100000
2024-09-16 14:31:03+00:00,57869.00000000,0.06890000
2024-09-16 14:31:03+00:00,57869.00000000,0.00000000
2024-09-16 14:31:03+00:00,57868.98000000,0.51749000
2024-09-16 14:31:03+00:00,57868.73000000,0.00086000
2024-09-16 14:31:03+00:00,57868.00000000,0.00800000
2024-09-16 14:31:03+00:00,57867.66000000,0.00000000
2024-09-16 14:31:03+00:00,57867.48000000,0.00009000
2024-09-16 14:31:03+00:00,57867.29000000,0.00000000
2024-09-16 14:31:03+00:00,57867.25000000,0.00026000
2024-09-16 14:31:03+00:00,57866.95000000,0.06239000
2024-09-16 14:31:03+00:00,57866.01000000,0.51756000
2024-09-16 14:31:03+00:00,57866.00000000,0.00600000
2024-09-16 14:31:03+00:00,57866.00000000,0.01400000
2024-09-16 14:31:03+00:00,57865.91000000,0.00631000
2024-09-16 14:31:03+00:00,57865.91000000,0.00000000
2024-09-16 14:31:03+00:00,57865.67000000,0.86258000
2024-09-16 14:31:03+00:00,57865.26000000,0.01318000
2024-09-16 14:31:03+00:00,57865.21000000,0.00038000
2024-09-16 14:31:03+00:00,57865.21000000,0.00000000
2024-09-16 14:31:03+00:00,57865.07000000,0.02638000
2024-09-16 14:31:03+00:00,57864.97000000,0.00013000
2024-09-16 14:31:03+00:00,57864.65000000,0.51728000
2024-09-16 14:31:03+00:00,57864.65000000,0.00000000
2024-09-16 14:31:03+00:00,57864.51000000,0.00009000
2024-09-16 14:31:03+00:00,57864.30000000,0.00404000
2024-09-16 14:31:03+00:00,57864.30000000,0.00000000
2024-09-16 14:31:03+00:00,57864.01000000,0.00259000
2024-09-16 14:31:03+00:00,57864.00000000,0.00600000
2024-09-16 14:31:03+00:00,57864.00000000,0.01400000
2024-09-16 14:31:03+00:00,57863.96000000,0.05600000
2024-09-16 14:31:03+00:00,57863.96000000,0.00000000
2024-09-16 14:31:03+00:00,57863.91000000,0.00346000
2024-09-16 14:31:03+00:00,57863.91000000,0.00346000
2024-09-16 14:31:03+00:00,57863.74000000,0.00010000
2024-09-16 14:31:03+00:00,57862.57000000,0.01919000
2024-09-16 14:31:03+00:00,57862.57000000,0.01919000
2024-09-16 14:31:03+00:00,57862.56000000,0.03196000
2024-09-16 14:31:03+00:00,57862.56000000,0.03196000
2024-09-16 14:31:03+00:00,57862.56000000,0.03196000
2024-09-16 14:31:03+00:00,57862.33000000,0.31040000
2024-09-16 14:31:03+00:00,57862.32000000,0.03433000
2024-09-16 14:31:03+00:00,57862.26000000,0.51728000
2024-09-16 14:31:03+00:00,57862.05000000,0.00640000
2024-09-16 14:31:03+00:00,57862.01000000,0.04154000
2024-09-16 14:31:03+00:00,57862.01000000,0.00000000
2024-09-16 14:31:03+00:00,57862.00000000,0.00600000
2024-09-16 14:31:03+00:00,57862.00000000,0.01400000
2024-09-16 14:31:03+00:00,57861.96000000,0.08399000
2024-09-16 14:31:03+00:00,57861.96000000,0.00000000
2024-09-16 14:31:03+00:00,57861.84000000,0.00013000
2024-09-16 14:31:03+00:00,57861.63000000,0.00000000
2024-09-16 14:31:03+00:00,57861.62000000,0.00000000
2024-09-16 14:31:03+00:00,57861.54000000,0.00009000
2024-09-16 14:31:03+00:00,57861.53000000,0.00000000
2024-09-16 14:31:03+00:00,57861.52000000,0.00086000
2024-09-16 14:31:03+00:00,57861.30000000,0.00000000
2024-09-16 14:31:03+00:00,57861.10000000,0.06912000
2024-09-16 14:31:03+00:00,57860.04000000,0.00000000
2024-09-16 14:31:03+00:00,57860.00000000,0.01728000
2024-09-16 14:31:03+00:00,57860.00000000,0.02328000
2024-09-16 14:31:03+00:00,57860.00000000,0.03128000
2024-09-16 14:31:03+00:00,57859.85000000,0.00000000
2024-09-16 14:31:03+00:00,57859.47000000,0.01300000
2024-09-16 14:31:03+00:00,57859.43000000,0.00000000
2024-09-16 14:31:03+00:00,57859.17000000,0.00013000
2024-09-16 14:31:03+00:00,57859.09000000,0.68971000
2024-09-16 14:31:03+00:00,57859.09000000,0.00000000
2024-09-16 14:31:03+00:00,57858.83000000,0.01000000
2024-09-16 14:31:03+00:00,57858.83000000,0.00000000
2024-09-16 14:31:03+00:00,57858.57000000,0.00009000
2024-09-16 14:31:03+00:00,57858.00000000,0.00600000
2024-09-16 14:31:03+00:00,57858.00000000,0.01400000
2024-09-16 14:31:03+00:00,57857.81000000,0.51763000
2024-09-16 14:31:03+00:00,57857.80000000,0.86258000
2024-09-16 14:31:03+00:00,57856.81000000,0.05600000
2024-09-16 14:31:03+00:00,57856.75000000,0.51749000
2024-09-16 14:31:03+00:00,57856.51000000,0.93865000
2024-09-16 14:31:03+00:00,57856.50000000,0.34543000
2024-09-16 14:31:03+00:00,57856.01000000,0.00086000
2024-09-16 14:31:03+00:00,57856.00000000,0.00600000
2024-09-16 14:31:03+00:00,57856.00000000,0.01400000
2024-09-16 14:31:03+00:00,57855.81000000,1.60761000
2024-09-16 14:31:03+00:00,57855.60000000,0.00009000
2024-09-16 14:31:03+00:00,57855.22000000,0.01023000
2024-09-16 14:31:03+00:00,57855.22000000,0.01023000
2024-09-16 14:31:03+00:00,57854.82000000,0.05600000
2024-09-16 14:31:03+00:00,57854.82000000,0.00000000
2024-09-16 14:31:03+00:00,57854.34000000,0.00000000
2024-09-16 14:31:03+00:00,57854.00000000,0.00600000
2024-09-16 14:31:03+00:00,57854.00000000,0.01400000
2024-09-16 14:31:03+00:00,57853.68000000,0.01318000
2024-09-16 14:31:03+00:00,57853.45000000,0.00244000
2024-09-16 14:31:03+00:00,57853.37000000,0.00013000
2024-09-16 14:31:03+00:00,57853.23000000,0.00244000
2024-09-16 14:31:03+00:00,57853.23000000,0.00000000
2024-09-16 14:31:03+00:00,57852.95000000,0.34568000
2024-09-16 14:31:03+00:00,57852.85000000,0.51764000
2024-09-16 14:31:03+00:00,57852.85000000,0.00000000
2024-09-16 14:31:03+00:00,57852.84000000,0.86258000
2024-09-16 14:31:03+00:00,57852.71000000,0.03209000
2024-09-16 14:31:03+00:00,57852.65000000,0.08322000
2024-09-16 14:31:03+00:00,57852.65000000,0.00000000
2024-09-16 14:31:03+00:00,57852.63000000,0.00009000
2024-09-16 14:31:03+00:00,57852.54000000,0.06239000
2024-09-16 14:31:03+00:00,57852.00000000,0.00600000
2024-09-16 14:31:03+00:00,57852.00000000,0.01400000
2024-09-16 14:31:03+00:00,57851.45000000,0.51833000
2024-09-16 14:31:03+00:00,57851.44000000,0.86382000
2024-09-16 14:31:03+00:00,57851.43000000,0.60350000
2024-09-16 14:31:03+00:00,57851.32000000,0.01000000
2024-09-16 14:31:03+00:00,57851.32000000,0.01000000
2024-09-16 14:31:03+00:00,57851.10000000,0.06913000
2024-09-16 14:31:03+00:00,57851.09000000,0.00038000
2024-09-16 14:31:03+00:00,57850.43000000,0.00086000
2024-09-16 14:31:03+00:00,57850.36000000,0.00000000
2024-09-16 14:31:03+00:00,57850.25000000,0.01012000
2024-09-16 14:31:03+00:00,57850.25000000,0.00000000
2024-09-16 14:31:03+00:00,57850.00000000,0.00045000
2024-09-16 14:31:03+00:00,57850.00000000,0.00645000
2024-09-16 14:31:03+00:00,57850.00000000,0.01445000
2024-09-16 14:31:03+00:00,57849.69000000,0.00239000
2024-09-16 14:31:03+00:00,57849.66000000,0.00009000
2024-09-16 14:31:03+00:00,57848.92000000,0.00000000
2024-09-16 14:31:03+00:00,57848.87000000,0.36212000
2024-09-16 14:31:03+00:00,57848.86000000,0.60350000
2024-09-16 14:31:03+00:00,57848.67000000,0.00038000
2024-09-16 14:31:03+00:00,57848.67000000,0.00000000
2024-09-16 14:31:03+00:00,57848.25000000,0.00118000
2024-09-16 14:31:03+00:00,57848.23000000,0.05798000
2024-09-16 14:31:03+00:00,57848.07000000,0.25878000
2024-09-16 14:31:03+00:00,57848.00000000,0.00600000
2024-09-16 14:31:03+00:00,57848.00000000,0.01400000
2024-09-16 14:31:03+00:00,57847.95000000,0.08597000
2024-09-16 14:31:03+00:00,57847.92000000,0.02600000
2024-09-16 14:31:03+00:00,57847.89000000,0.01300000
2024-09-16 14:31:03+00:00,57847.57000000,0.00013000
2024-09-16 14:31:03+00:00,57847.47000000,0.60350000
2024-09-16 14:31:03+00:00,57847.27000000,0.07697000
2024-09-16 14:31:03+00:00,57846.76000000,0.51761000
2024-09-16 14:31:03+00:00,57846.76000000,0.84057000
2024-09-16 14:31:03+00:00,57846.75000000,0.21192000
2024-09-16 14:31:03+00:00,57846.73000000,0.00009000
2024-09-16 14:31:03+00:00,57846.49000000,0.06052000
2024-09-16 14:31:03+00:00,57846.49000000,0.00000000
2024-09-16 14:31:03+00:00,57846.34000000,0.15394000
2024-09-16 14:31:03+00:00,57846.23000000,1.50870000
2024-09-16 14:31:03+00:00,57846.13000000,0.86258000
2024-09-16 14:31:03+00:00,57846.00000000,0.00600000
2024-09-16 14:31:03+00:00,57846.00000000,0.01400000
2024-09-16 14:31:03+00:00,57845.87000000,0.05798000
2024-09-16 14:31:03+00:00,57845.86000000,0.00566000
2024-09-16 14:31:03+00:00,57845.61000000,0.15394000
2024-09-16 14:31:03+00:00,57845.60000000,0.00173000
2024-09-16 14:31:03+00:00,57845.56000000,0.00011000
2024-09-16 14:31:03+00:00,57845.56000000,0.86225000
2024-09-16 14:31:03+00:00,57844.92000000,0.31058000
2024-09-16 14:31:03+00:00,57844.90000000,0.01723000
2024-09-16 14:31:03+00:00,57844.77000000,0.00813000
2024-09-16 14:31:03+00:00,57844.77000000,0.00813000
2024-09-16 14:31:03+00:00,57844.29000000,0.00029000
2024-09-16 14:31:03+00:00,57844.26000000,0.07697000
2024-09-16 14:31:03+00:00,57844.25000000,0.08597000
2024-09-16 14:31:03+00:00,57844.24000000,0.27189000
2024-09-16 14:31:03+00:00,57844.22000000,0.03433000
2024-09-16 14:31:03+00:00,57844.00000000,0.07697000
2024-09-16 14:31:03+00:00,57844.00000000,0.08297000
2024-09-16 14:31:03+00:00,57844.00000000,0.09097000
2024-09-16 14:31:03+00:00,57843.99000000,0.51749000
2024-09-16 14:31:03+00:00,57843.77000000,1.21564000
2024-09-16 14:31:03+00:00,57843.77000000,0.00000000
2024-09-16 14:31:03+00:00,57843.72000000,0.00009000
2024-09-16 14:31:03+00:00,57843.68000000,0.00000000
2024-09-16 14:31:03+00:00,57843.31000000,0.00000000
2024-09-16 14:31:03+00:00,57842.47000000,0.15394000
2024-09-16 14:31:03+00:00,57842.15000000,0.01728000
2024-09-16 14:31:03+00:00,57842.10000000,0.00018000
2024-09-16 14:31:03+00:00,57842.00000000,0.05797000
2024-09-16 14:31:03+00:00,57842.00000000,0.06397000
2024-09-16 14:31:03+00:00,57842.00000000,0.07197000
2024-09-16 14:31:03+00:00,57841.99000000,0.85966000
2024-09-16 14:31:03+00:00,57841.98000000,0.00264000
2024-09-16 14:31:03+00:00,57841.98000000,0.00000000
2024-09-16 14:31:03+00:00,57841.90000000,0.08313000
2024-09-16 14:31:03+00:00,57841.90000000,0.08313000
2024-09-16 14:31:03+00:00,57841.89000000,0.12477000
2024-09-16 14:31:03+00:00,57841.77000000,0.00013000
2024-09-16 14:31:03+00:00,57841.29000000,0.03576000
2024-09-16 14:31:03+00:00,57841.12000000,0.13394000
2024-09-16 14:31:03+00:00,57841.11000000,0.32587000
2024-09-16 14:31:03+00:00,57841.10000000,0.06914000
2024-09-16 14:31:03+00:00,57841.00000000,0.84724000
2024-09-16 14:31:03+00:00,57840.99000000,0.01210000
2024-09-16 14:31:03+00:00,57840.77000000,0.00014000
2024-09-16 14:31:03+00:00,57840.72000000,0.05398000
2024-09-16 14:31:03+00:00,57840.71000000,0.13195000
2024-09-16 14:31:03+00:00,57840.58000000,0.86258000
2024-09-16 14:31:03+00:00,57840.51000000,0.87502000
2024-09-16 14:31:03+00:00,57840.51000000,0.01288000
2024-09-16 14:31:03+00:00,57840.50000000,1.20670000
2024-09-16 14:31:03+00:00,57840.02000000,0.11795000
2024-09-16 14:31:03+00:00,57840.01000000,0.11403000
2024-09-16 14:31:03+00:00,57840.00000000,0.28451000
2024-09-16 14:31:03+00:00,57840.00000000,0.30180000
2024-09-16 14:31:03+00:00,57839.82000000,0.00015000
2024-09-16 14:31:03+00:00,57839.58000000,1.21601000
2024-09-16 14:31:03+00:00,57839.49000000,0.00009000
2024-09-16 14:31:03+00:00,57839.32000000,0.00013000
2024-09-16 14:31:03+00:00,57839.30000000,0.11195000
2024-09-16 14:31:03+00:00,57839.29000000,0.13195000
2024-09-16 14:31:03+00:00,57839.28000000,0.30407000
2024-09-16 14:31:03+00:00,57839.21000000,0.00045000
2024-09-16 14:31:03+00:00,57839.19000000,0.00239000
2024-09-16 14:31:03+00:00,57839.19000000,0.00000000
2024-09-16 14:31:03+00:00,57839.17000000,0.00011000
2024-09-16 14:31:03+00:00,57838.99000000,0.00013000
2024-09-16 14:31:03+00:00,57838.70000000,0.00010000
2024-09-16 14:31:03+00:00,57838.67000000,0.00009000
2024-09-16 14:31:03+00:00,57838.67000000,0.14719000
2024-09-16 14:31:03+00:00,57838.63000000,0.19192000
2024-09-16 14:31:03+00:00,57838.62000000,0.05401000
2024-09-16 14:31:03+00:00,57838.61000000,0.00156000
2024-09-16 14:31:03+00:00,57838.58000000,0.00186000
2024-09-16 14:31:03+00:00,57838.31000000,0.00052000
2024-09-16 14:31:03+00:00,57838.23000000,0.05398000
2024-09-16 14:31:03+00:00,57838.21000000,0.00761000
2024-09-16 14:31:03+00:00,57838.19000000,0.00020000
2024-09-16 14:31:03+00:00,57838.17000000,0.25224000
2024-09-16 14:31:03+00:00,57838.16000000,0.02501000
2024-09-16 14:31:03+00:00,57838.12000000,0.42038000
2024-09-16 14:31:03+00:00,57838.06000000,0.00039000
2024-09-16 14:31:03+00:00,57838.01000000,0.07597000
2024-09-16 14:31:03+00:00,57838.00000000,0.03454000
2024-09-16 14:31:03+00:00,57837.95000000,0.00010000
2024-09-16 14:31:03+00:00,57837.88000000,0.00024000
2024-09-16 14:31:03+00:00,57837.83000000,0.00025000
2024-09-16 14:31:03+00:00,57837.78000000,0.00009000
2024-09-16 14:31:03+00:00,57837.74000000,0.00118000
2024-09-16 14:31:03+00:00,57837.74000000,0.00000000
2024-09-16 14:31:03+00:00,57837.63000000,0.00049000
2024-09-16 14:31:03+00:00,57837.55000000,0.00010000
2024-09-16 14:31:03+00:00,57837.48000000,0.13804000
2024-09-16 14:31:03+00:00,57837.47000000,0.01297000
2024-09-16 14:31:03+00:00,57837.41000000,0.00027000
2024-09-16 14:31:03+00:00,57837.23000000,0.00034000
2024-09-16 14:31:03+00:00,57837.18000000,0.00010000
2024-09-16 14:31:03+00:00,57837.07000000,0.00026000
2024-09-16 14:31:03+00:00,57837.06000000,0.21391000
2024-09-16 14:31:03+00:00,57837.05000000,0.07802000
2024-09-16 14:31:03+00:00,57837.04000000,0.00208000
2024-09-16 14:31:03+00:00,57836.87000000,0.00049000
2024-09-16 14:31:03+00:00,57836.69000000,0.00012000
2024-09-16 14:31:03+00:00,57836.62000000,0.00000000
2024-09-16 14:31:03+00:00,57836.60000000,0.00000000
2024-09-16 14:31:03+00:00,57836.39000000,0.07797000
2024-09-16 14:31:03+00:00,57836.38000000,0.07802000
2024-09-16 14:31:03+00:00,57836.37000000,0.00691000
2024-09-16 14:31:03+00:00,57836.36000000,0.00137000
2024-09-16 14:31:03+00:00,57836.25000000,0.00010000
2024-09-16 14:31:03+00:00,57836.20000000,0.01451000
2024-09-16 14:31:03+00:00,57836.20000000,0.00000000
